4584 5609
202 589 483 670 Ambrosiaster
504 591 652 695 aliique
672 591 821 671 disertis
839 578 964 670 verbis
982 618 1210 697 graecorum
1227 597 1507 701 exemplarium
1526 624 1548 675 a
1568 600 1699 679 latinis
1720 599 2019 709 discrepantiam

205 750 402 810 notarunt
452 734 578 837 Atque
608 731 776 809 multum
803 732 954 836 juvabit
980 734 1138 811 collatio
1161 735 1341 812 codicum
1366 732 1594 842 graecorum
1615 741 1793 819 omnium
1821 744 1873 819 ad
1894 744 2022 821 vindi·

203 876 345 952 caudas
361 875 554 951 versiones
575 872 687 949 hasce
703 875 859 965 latinas,
893 898 989 977 quas
1012 874 1054 951 in
1073 875 1255 955 omnibus
1280 903 1354 981 pro
1376 879 1539 957 arbitrio
1566 899 1767 986 corruptas
1792 908 1891 976 esse,
1914 886 2021 963 criti·

174 1120 177 1127 Ι
204 1042 341 1094 corum
358 1014 617 1118 quorumdam
637 1041 815 1121 perversa
831 1017 963 1093 asserit
980 1018 1191 1094 contentio.
1242 1019 1460 1095 Permultae
1485 1020 1582 1097 mihi
1601 1042 1753 1126 praesto
1774 1042 1867 1101 sunt
1886 1025 2020 1103 lectio·

204 1185 271 1234 nes
294 1156 398 1232 haud
415 1174 613 1261 suspectae
634 1159 825 1235 librorum
844 1184 867 1235 a
885 1187 947 1235 me
961 1158 1090 1264 primo
1108 1158 1438 1247 examinatorum,
1464 1186 1565 1263 quac
1583 1165 1775 1239 versiones
1791 1166 2018 1243 Antehiero-
2106 1192 2111 1199 ·

202 1297 465 1401 nymianas'et
479 1298 686 1401 Vulgatam
706 1295 842 1403 magna
868 1314 1042 1403 exparte
1060 1300 1281 1388 vindicant,
1317 1299 1564 1403 probantque
1590 1326 1652 1375 eas
1678 1300 1750 1378 hac
1776 1305 2018 1407 potissimum

200 1438 242 1513 in
274 1463 317 1513 re
351 1437 400 1512 ab
433 1470 609 1545 ακρισιας
639 1438 860 1541 suspicione
880 1439 1039 1515 liberari
1065 1466 1148 1515 nou
1175 1464 1303 1543 posse,
1329 1439 1439 1541 quod
1459 1456 1604 1515 textum
1620 1467 1863 1553 αντιγραφου
1897 1447 2017 1521 nimia
2088 1544 2092 1549 .

201 1588 377 1689 ακριβειᾳ
402 1582 584 1657 reserant.
634 1582 708 1658 Sed
730 1582 968 1687 procedente
996 1584 1170 1683 tempere
1196 1598 1320 1657 textus
1339 1608 1496 1690 graecus
1516 1584 1713 1665 rarissime
1730 1588 2016 1665 consulebatur.

94 1716 97 1723 ’
201 1719 347 1810 Bedae,
372 1722 548 1812 illenim,
573 1724 699 1799 Caroli
719 1725 873 1828 Magni,
899 1722 1130 1811 lanfranci,
1157 1722 1489 1797 Correctoriorum
1507 1723 1754 1825 aliorumque
1773 1750 1891 1827 opera
1916 1725 2061 1803 intra'
2192 1770 2197 1785 =
2286 1799 2287 1832 ζ

200 1881 380 1967 augustos
403 1864 498 1942 lines
516 1867 783 1944 constiterunt.
840 1866 928 1941 Una
945 1864 1076 1969 potius
1097 1864 1221 1939 versio
1246 1888 1293 1937 ex
1311 1852 1430 1937 altera
1458 1880 1578 1966 atque
1595 1865 1748 1968 vulgata
1770 1890 1816 1940 ex
1836 1866 2018 1944 omuibus
2046 1860 2050 1869 ’
2131 1925 2135 1940 .

200 2001 535 2107 corrumpebatur.
583 2004 679 2081 Cum
699 2003 911 2107 permulta
934 2004 977 2078 in
994 2002 1131 2105 quovis
1155 2001 1364 2105 Evangelio
1382 2004 1552 2107 capitula
1572 2004 1821 2081 collationem
1841 2023 2016 2083 veterum

201 2141 424 2219 versionum
449 2160 488 2217 et
506 2142 687 2219 codicum
707 2142 902 2245 vulgatam
922 2142 1192 2219 exhibentium
1211 2158 1250 2219 et
1267 2144 1425 2219 interae
1446 2162 1594 2221 etcum
1618 2146 1769 2249 scriptis
1784 2145 2016 2224 SS.'Patrum

201 2298 240 2356 et
257 2281 367 2359 libris
382 2280 569 2385 liturgicis
588 2266 853 2369 instituissem,
879 2281 994 2355 facile
1012 2279 1193 2384 cognovi,
1215 2281 1369 2358 eosdem
1392 2282 1591 2359 interdum
1611 2310 1741 2361 versus
1758 2285 1818 2361 vel
1835 2285 2016 2390 pluribus

200 2439 268 2499 aut
292 2422 542 2527 paucioribus
562 2422 691 2498 efferri
714 2424 861 2513 verbis,
894 2421 955 2496 vel
975 2420 1017 2497 in
1037 2420 1115 2495 alio
1134 2421 1329 2522 quaedam
1347 2422 1505 2512 referri,
1537 2449 1637 2525 quae
1655 2424 1697 2500 in
1716 2424 1838 2500 altero
1860 2450 1943 2500 non
1961 2425 2016 2499 le·

196 2562 348 2666 'guntur
372 2583 490 2667 atque
512 2582 558 2641 ut
573 2566 694 2642 verbo
716 2530 865 2655 dicam,
893 2532 1048 2641 nullum
1069 2563 1350 2641 documentum
1373 2588 1465 2637 cum
1485 2561 1607 2638 altero
1634 2563 1686 2638 ita
1707 2587 1936 2653 consonare,
1969 2580 2016 2641 ut
2094 2642 2101 2648 ,

203 2728 287 2779 nou
310 2704 524 2806 aliquando
549 2706 597 2780 ab
620 2730 665 2781 eo
689 2678 865 2783 dissonet.
924 2706 1015 2783 Pars
1033 2705 1200 2809 maxima
1221 2701 1469 2780 ecclesiarum
1492 2727 1572 2795 non
1595 2702 1645 2777 ad
1669 2689 1821 2779 critices
1842 2704 2016 2806 regulam

100 2836 102 2843 ’
202 2859 348 2923 textum
364 2843 438 2921 sibi
460 2843 661 2955 formavit,
685 2844 752 2921 sed
772 2846 889 2923 verba
912 2844 1106 2947 quaedam
1124 2844 1188 2920 vel
1206 2842 1414 2943 sententias
1429 2841 1480 2917 ad
1496 2867 1589 2917 suae
1610 2842 1779 2945 regionis
1799 2870 1947 2919 errores
1968 2845 2014 2937 ¹⁰)

201 2983 264 3059 vel
286 2982 499 3059 idiotismus
521 2983 849 3076 accommodavit,
884 2998 924 3061 et
944 2980 1053 3086 quod
1077 2998 1146 3057 aut
1171 2981 1309 3084 purius
1337 2996 1405 3057 aut
1428 2980 1566 3057 melius
1595 2997 1664 3056 aut
1683 2980 1838 3058 demum
1858 2983 2016 3087 plenius
2057 3024 2062 3032 ·

201 3121 427 3212 videbatur,
453 3121 705 3226 praelerebat.
755 3122 884 3219 Quam
905 3122 1024 3229 igitur
1046 3146 1092 3199 ex
1115 3120 1332 3199 innumeris
1352 3120 1456 3199 hisce
1483 3120 1683 3205 codicibus
1706 3123 1856 3213 latinis,
1882 3125 1950 3229 qui
1971 3124 2015 3223 in
2128 3198 2132 3203 ,

172 3286 174 3291 ’
202 3260 450 3338 Bibliothecis
474 3262 523 3353 ¹¹)
541 3268 765 3353 servantur,
790 3262 1000 3339 utilitatem
1021 3288 1094 3366 pro
1110 3288 1155 3338 re
1173 3264 1305 3340 critica
1334 3278 1547 3367 captemus,
1579 3290 1662 3352 uon
1678 3264 1814 3354 video,
1849 3290 1923 3341 nec
1945 3289 2015 3341 no·

199 3418 322 3479 strum
344 3404 522 3494 interest,
549 3432 683 3483 earum
699 3405 899 3483 historiam
916 3405 1080 3481 ulterius
1097 3404 1290 3508 prosequi.
1314 3448 1364 3463 -
1389 3404 1593 3481 Caeterum
1612 3420 1777 3495 constat,
1802 3403 1879 3481 hoc
1895 3405 2015 3483 libro·

200 3568 288 3617 rum
309 3568 429 3648 genus
448 3544 489 3620 in
506 3545 785 3623 universalem
807 3546 967 3624 ecclesia
987 3544 1224 3625 ‘occidentali
1244 3562 1445 3650 receptum
1468 3562 1507 3622 et
1526 3546 1709 3623 usitatum
1725 3534 1843 3622 fuisse
1868 3542 1923 3636 ¹²).

1030 3786 1067 3879 S.
1123 3786 1179 3860 ιδ.
1268 3846 1275 3861 .

302 3956 350 4033 lu
377 3956 598 4065 indaganda
618 3959 972 4063 Alexandrinorum
995 3924 1188 4039 librorum
1214 3962 1340 4067 patria
1364 3964 1494 4068 magni
1523 3960 1708 4067 ponderis
1735 3960 1831 4037 mihi
1858 3961 2013 4040 videtur

200 4115 494 4203 argumentum,
529 4102 635 4203 quod
664 4102 713 4177 dc
738 4100 1024 4207 orthographia
1052 4120 1091 4180 et
1115 4105 1310 4179 erroribus
1341 4130 1389 4181 ex
1420 4101 1709 4211 pronuntiandi
1740 4102 1891 4177 ratione
1918 4104 2013 4178 ortis

123 4246 128 4253 '
198 4240 503 4318 desumtumes't.
562 4241 619 4356 Ex
645 4242 693 4317 iis
720 4244 847 4332 euim,
876 4270 976 4348 quae
999 4270 1022 4319 a
1048 4243 1263 4319 constantia
1283 4241 1493 4347 quadama
1517 4242 1762 4345 reliquorum
1781 4266 2011 4344 graecorum

98 4426 106 4435 ·
199 4380 394 4458 scribendi
416 4379 534 4456 modo
558 4377 783 4473 discedunt,
811 4382 968 4460 definiri
984 4383 1133 4488 aliquid
1151 4409 1281 4491 posse,
1307 4410 1421 4460 nemo
1444 4382 1610 4487 negabit.
1668 4380 1921 4457 Confusiones
1944 4408 2013 4456 au·
2137 4460 2142 4468 ,

244 4646 298 4729 ιο)
320 4644 375 4711 Sic
397 4650 479 4732 ug.
497 4628 643 4722 coitstst,
666 4646 867 4731 exemplaria
881 4648 1004 4713 Felicia
1023 4650 1207 4739 Argelitani
1225 4666 1259 4717 et
1279 4650 1431 4737 Elipaudi
1452 4648 1605 4715 Toletani
1619 4644 1793 4711 erroribus
1813 4644 2011 4709 fuisse-cor·

322 4786 430 4855 rupta.
453 4772 496 4836 cf.
509 4771 657 4855 Liturgia
676 4772 809 4857 antiqua
829 4772 916 4865 hisp.
935 4772 1025 4857 goth.
1046 4774 1173 4841 Romae
1192 4773 1279 4855 ¹74⁶·
1303 4776 1326 4838 l.
1348 4794 1380 4857 p.
1397 4772 1448 4836 36.

976 4872 1000 4905 0

246 4940 297 5021 ιι)
320 4944 357 5003 1η
373 4943 581 5010 Bibliotheca
597 4946 700 5031 Regia
718 4944 852 5013 ducenti
868 4946 1003 5011 circiter
1018 4942 1153 5013 codice's
1172 4956 1267 5022 sunt,
1288 4942 1322 5005 iu
1341 4938 1460 5026 quibus
1475 4940 1654 5024 Evangelia
1672 4900 1896 5001 continentur.
2013 4960 2017 4971 ·

243 5106 297 5189 aa)
321 5104 371 5172 Cf.
387 5106 568 5174 Bellsrmin
587 5130 666 5198 opp.
687 5112 726 5175 Τ.
743 5113 768 5175 l.
788 5104 811 5177 l.
827 5114 865 5177 11.
888 5112 929 5179 de
945 5112 1051 5183 verbo
1069 5110 1135 5175 Dei
1157 5130 1229 5195 cap.
1243 5106 1316 5177 XV.
1339 5104 1382 5171 de
1397 5104 1600 5172 editionibus
1614 5099 1807 5193 vulgaribus
1828 5120 1861 5186 p.
1884 5094 1942 5163 aad
1960 5117 2007 5183 sq.
