4584 5609
1962 472 2012 555 ¹9
2069 456 2073 461 ’

195 647 357 735 asianos,
382 645 453 750 qui
481 669 686 747 nunquam
709 643 758 719 ab
779 643 984 719 universae
999 642 1183 729 ecclesiae
1203 642 1295 721 fidei
1314 644 1448 750 regula
1468 643 1773 739 aberraverants
1794 648 1871 726 alia
1895 676 1918 728 a
1942 678 2013 730 no·

193 791 279 867 stris
297 786 512 893 Evangeliis
534 784 683 861 diversa
701 786 741 859 in
763 756 836 887 usu
852 802 889 860 et
905 784 1136 866 auctoritate
1160 782 1335 886 quadam,
1349 786 1479 878 luisse,
1504 813 1526 862 a
1548 787 1690 863 criticis
1709 786 1861 864 dudum
1882 793 2011 869 obser·

160 974 163 981 ⁴
193 948 326 1009 vatum
353 946 417 1007 est
466 928 592 1003 Multa
615 893 774 1035 quoque
795 934 974 1027 ἐγκυκλια
992 925 1051 1003 vel
1072 952 1420 1034 ooyypappaca'ex
1442 926 1714 1005 traditionibus
1729 918 1891 1035 'accepta
1914 931 2011 1011 refe·

194 1074 321 1149 rentia
340 1071 409 1146 suh
428 1070 703 1173 Apostolorum
725 1050 1078 1145 nomineeatitisse
1091 1086 1210 1170 atque
1233 1068 1292 1143 bis
1310 1066 1568 1171 Evangelistas
1585 1082 1660 1144 tres
1677 1070 1826 1175 priores
1845 1067 1886 1141 in
1906 1095 2021 1164 com<

193 1211 384 1321 ponendis
404 1185 731 1318 Evangeliis‘usos
754 1210 886 1302 luisse,
919 1239 966 1287 ex
994 1208 1157 1285 Scholiis
1179 1178 1372 1307 antiquis,
1397 1231 1446 1283 ex
1467 1205 1526 1281 rei
1549 1203 1782 1285 christianae
1805 1224 1907 1286 statu
1929 1210 2010 1316 pri·

192 1380 326 1431 maevo
349 1370 389 1427 et
410 1352 552 1429 borum
570 1354 872 1456 Evangeliorum
893 1350 1028 1427 indole
1048 1350 1190 1453 conjici
1206 1367 1344 1455 potest.
1362 1338 1366 1345 ¹
1411 1392 1414 1401 ·

258 1566 262 1575 ,
288 1499 338 1571 At
363 1522 456 1573 vero
487 1498 548 1573 vel
577 1498 618 1571 in
645 1494 907 1573 describendis
937 1496 1047 1589 libris
1078 1486 1195 1570 notae
1221 1493 1450 1598 marginales
1475 1518 1522 1572 ex
1545 1493 1755 1571 collatione
1779 1518 1869 1583 cum
1894 1496 2010 1575 variis

189 1635 295 1713 bisce
312 1639 461 1744 scriptis
476 1640 749 1745 provenientes
768 1656 836 1713 aut
857 1636 1128 1743 corruptiones
1145 1662 1168 1710 a
1183 1634 1455 1712 Grammaticis
1473 1653 1512 1711 et
1530 1635 1697 1713 librariis
1721 1637 1915 1741 inprimis
1933 1642 2008 1717 An·

192 1779 376 1885 tigrapbis
395 1780 519 1857 sactae
552 1780 660 1855 etad
681 1781 891 1882 marginem
914 1779 976 1854 vel
1006 1780 1108 1853 inter
1133 1777 1256 1852 lineas
1287 1776 1452 1879 scriptae
1474 1778 1499 1866 ¹)
1531 1776 1573 1851 in
1595 1792 1742 1851 textum
1768 1778 2010 1882 recipieban-

191 1934 273 2007 tur,
309 1920 370 1995 vel
389 1920 432 1995 in
459 1920 645 1997 dictando
667 1918 809 2023 singuli
834 1945 983 1994 errores
1004 1945 1026 1993 a
1049 1918 1195 1996 lectore
1212 1920 1402 2021 commissi
1423 1919 1484 1994 vel
1503 1918 1653 2023 singula
1672 1920 1766 1997 vitia
1793 1938 2007 2029 prototypo

191 2060 435 2139 inhaerentia
463 2062 504 2137 in
524 2064 653 2138 omnia
676 2062 825 2138 calamo
845 2044 1122 2165 excipientium
1144 2038 1363 2163 apographa
1389 2060 1601 2135 necessario
1623 2060 1913 2151 inferebantur,
1949 2064 2011 2139 in·

190 2198 320 2305 deque
336 2204 377 2277 in
398 2202 549 2305 reliqua
567 2202 696 2277 omnia
724 2226 770 2287 ea
785 2200 828 2275 iis
851 2200 949 2275 lacta
973 2200 1197 2276 transibant.
1251 2202 1410 2274 Inerant
1439 2198 1558 2303 igitur
1582 2202 1785 2305 permultis
1814 2202 2009 2307 exempla·

188 2341 297 2415 ribus
315 2342 536 2448 communia
560 2329 724 2428 menda,
750 2365 851 2441 quae
870 2339 1009 2416 sensim
1028 2316 1216 2415 in'omnia
1236 2338 1469 2449 eremplaria
1490 2340 1659 2441 regionis
1678 2341 1861 2442 alicujus,
1888 2342 2008 2419 immo
2114 2380 2133 2386 ··

188 2480 364 2584 plurium
385 2480 1010 2585 provinciarumpropagabantur,
1036 2496 1154 2581 atque
1173 2499 1287 2558 aucto
1301 2481 1513 2583 glossarum
1530 2482 1802 2587 marginalium
1825 2480 2007 2589 adeoque
2117 2474 2121 2477 ’

188 2638 228 2696 et
246 2596 460 2697 lectionum
480 2623 804 2725 interpolatorum
826 2648 990 2699 numero
1011 2620 1386 2729 multiplicabantur.
1987 2720 2007 2727 -

289 2762 425 2838 Libros
447 2762 488 2837 N.
511 2766 550 2837 Τ.
570 2765 613 2839 in
632 2766 714 2840 Asia
742 2782 782 2841 et
796 2766 972 2870 ‚Aegypto
995 2746 1206 2842 maximam
1227 2784 1379 2870 partem
1402 2762 1635 2871 compositos
1659 2762 1796 2865 ibique
1813 2763 1862 2839 ab
1882 2762 2004 2843 eccle·
2117 2816 2122 2824 ·

115 2897 117 2902 ’
184 2899 249 2975 siis
268 2903 567 3005 particularibus
586 2905 759 3007 syllogen
784 2904 980 3011 duplicem
998 2940 1070 3003 ron
1088 2912 1314 2986 ἀποστολου
1346 2924 1385 2981 et
1405 2937 1478 2986 του
1501 2913 1727 3010 εὐαγγελιου
1752 2904 1891 2980 laetam
1911 2931 2004 2994 esse,

186 3038 356 3117 edoctis
374 3040 525 3119 dudum
556 3043 799 3123 observatum
821 3060 878 3119 est
910 3043 951 3136 ²).
1009 3046 1175 3123 Eosdem
1202 3046 1258 3121 ibi
1285 3047 1482 3152 corrumpi
1508 3048 1806 3151 saepissimeque
1837 3044 2003 3124 describi

187 3183 374 3289 potuisse,
400 3213 517 3263 nemo
535 3188 707 3291 negabit,
735 3188 803 3290 qui
820 3204 958 3263 statum
979 3189 1083 3264 orbis
1100 3187 1262 3265 literarii
1283 3187 1388 3262 illius
1402 3146 1534 3270 aetatis
1553 3213 1634 3263 non
1654 3187 1814 3291 ignorat.
1864 3185 2003 3261 Gram-

138 3306 143 3314 ’
186 3324 595 3430 malleorum-plurimi
617 3353 665 3401 ex
678 3324 815 3400 Schola
832 3326 1095 3405 Alexandrina
1110 3326 1348 3433 prodierunt
1369 3327 1416 3425 ³),
1440 3352 1537 3428 quos
1554 3298 1703 3403 constat
1721 3327 1888 3413 officium
1908 3352 2003 3429 qua·

185 3462 354 3570 druplex
371 3450 641 3575 διορὓωτικον,
667 3474 975 3569 &regenerarem
1002 3472 1220 3570 ἐξηγητικσν
1244 3483 1283 3542 et
1306 3498 1477 3575 κριτικον
1500 3466 1587 3541 satis
1608 3468 1708 3541 male
1726 3467 1937 3541 exercuisse
1959 3462 2001 3558 l)

186 3606 339 3695 Ibidem
359 3609 655 3713 plerorumque,
682 3610 750 3712 qui
771 3613 872 3686 circa
896 3610 970 3685 hoe
987 3626 1137 3713 tempus
1158 3608 1280 3683 veluti
1298 3600 1522 3711 agminatim
1539 3607 1774 3713 prosiluere,
1808 3605 2003 3711 librorum

184 3746 499 3851 apocryphorum
523 3750 695 3847 natalitia
717 3748 940 3853 quaerenda
963 3766 1065 3828 sunt.
1115 3749 1197 3824 Nec
1220 3749 1304 3823 Asia
1327 3748 1372 3824 iis
1396 3748 1529 3824 caruit.
1584 3748 1621 3820 Si
1643 3747 1778 3849 igitur,
1808 3747 1919 3849 quod
1940 3712 2001 3825 res

74 3942 90 3953 -
186 3902 258 3976 est,
282 3886 477 3983 dicamus,
504 3892 758 3995 profiteamur
778 3916 930 3966 necesse
950 3908 1022 3979 est,
1048 3890 1316 3994 grammaticos
1334 3890 1443 3965 libris
1464 3889 1602 3965 nostris
1619 3889 1733 3965 fuisse
1759 3890 2001 3993 perniciosis·
2030 3978 2036 3987 ι

185 4028 298 4103 simos
328 4053 541 4129 eorumque
572 4024 840 4135 corruptiones
873 4030 942 4105 toti
971 4031 1057 4105 orbi
1088 4031 1300 4107 christiano
1324 4028 1640 4133 communicatas.
1703 4030 1841 4133 Neque
1869 4050 1999 4109 tamen

183 4168 420 4271 negaverim,
446 4171 683 4271 procedente
709 4191 884 4275 tempore
900 4196 993 4271 ,non
1012 4171 1138 4248 solnm
1165 4168 1343 4246 ecelesias
1368 4167 1555 4273 quasdam
1581 4169 1765 4275 lectiones
1782 4171 2000 4275 peculiares
2033 4260 2043 4270 ,

183 4304 593 4398 anidndicassmet
616 4310 941 4402 etiamcivitates,
969 4310 1111 4391 insulas
1137 4331 1176 4391 et
1204 4311 1449 4389 monasteria.
1506 4308 1613 4385 Illud
1638 4328 1768 4385 autem
1795 4311 1893 4389 mibi
1917 4340 1999 4393 cer·
2062 4360 2072 4376 =

184 4463 267 4525 tum
287 4453 360 4545 est,
384 4450 433 4526 ad
455 4450 521 4527 has
543 4449 636 4565 duas
654 4469 771 4543 terras
791 4450 1005 4556 generatim
1023 4474 1148 4533 totum
1164 4457 1342 4535 codicum
1360 4482 1480 4562 genus
1498 4456 1762 4535 revocandum
1784 4485 1873 4537 esse.

1641 4633 1648 4640 ,
1816 4602 1832 4636 Ι

228 4672 260 4754 ι)
281 4668 408 4736 Primis
438 4672 687 4737 consuetudinis
714 4674 901 4767 locupletes
922 4688 1024 4739 testes
1053 4652 1290 4742 sunt‘eodioes
1314 4674 1460 4739 Parisini
1486 4672 1659 4760 plerique,
1686 4662 1884 4760 posterioris
1911 4691 1993 4739 sero

305 4810 375 4861 tum
393 4788 446 4860 alii
463 4802 531 4865 tu'm
548 4798 708 4883 imprimis
726 4802 829 4871 codex
848 4799 912 4882 jam
933 4800 1085 4883 laudatus
1103 4799 1175 4865 aad.
1875 4876 1878 4880 ,

224 4920 259 5002 a)
282 4922 328 4985 St.
348 4920 487 4987 Hieron.
510 4924 624 4989 Divini
647 4924 723 4985 libri
741 4926 857 5009 scripti
875 4925 927 4989 rel
945 4926 1158 5010 interpretati
1175 4926 1209 4990 in
1225 4926 1410 4990 Palaestina
1430 4939 1463 4990 et
1481 4924 1515 4987 in
1531 4929 1684 5013 Aegypto
1705 4926 1745 4990 Τ.
1761 4924 1800 4986 ll.
1822 4942 1855 5005 p·
1872 4918 1943 4985 655.

221 5041 257 5126 3)
280 5044 330 5107 Cl.
348 5046 494 5109 D'rlnsse
510 5048 551 5111 de
568 5048 730 5111 t'ittotson
745 5044 873 5111 Arteod.
890 5070 940 5133 gr.
965 5051 1001 5111 ll.
1025 5034 1149 5134 psius.
1170 5052 1306 5137 Proleg.
1319 5052 1359 5115 ad
1372 5053 1470 5115 Hom.
1493 5051 1515 5116 l.
1531 5051 1554 5117 l.

174 5236 177 5243 ,
220 5170 257 5252 a)
281 5166 332 5232 Cf.
348 5165 495 5237 D'Ansaa
512 5172 554 5238 da
572 5142 735 5241 billeiaon
756 5174 890 5259 Proleg.
908 5174 947 5239 ad
964 5176 1062 5239 Hom.
1083 5177 1104 5238 l.
1122 5176 1148 5239 l.
