4584 5609
1122 618 1242 720 §7

384 785 717 929 Quamprimum
747 812 877 874 autem
912 795 1111 901 religionis
1137 796 1386 875 christianae
1390 814 1508 876 status
1539 798 1788 879 confirmatus
1817 817 1935 893 esset,
1969 800 2095 909 pluri-

284 971 450 1049 maeque
476 944 656 1021 ecclesiae
677 960 715 1017 et
730 942 894 1019 coucilia
922 938 970 1015 de
988 940 1145 1015 Canone
1172 941 1411 1034 statuissent,
1443 941 1502 1016 bis
1522 942 1840 1047 corruptionibus
1864 941 1984 1018 linis
1972 969 2096 1047 nopo-

283 1087 377 1163 sitns
395 1103 457 1162 est.
507 1086 613 1161 Libri
631 1084 847 1191 apocryphi
865 1101 972 1159 tanto
990 1081 1119 1158 studio
1137 1079 1418 1173 abolebantur,
1441 1055 1588 1183 quanto
1607 1078 1800 1157 librorum
1813 1082 2094 1158 canonicorum

156 1310 165 1325 .
283 1226 481 1330 integritas
510 1224 811 1302 custodiebatur.
871 1224 1153 1299 Verumtamen
1184 1238 1243 1296 tot
1274 1237 1476 1347 tantasque
1507 1218 1790 1297 vicissitudines
1813 1221 1913 1299 aliae
1941 1248 2098 1327 excepe-
2119 1273 2141 1293 ι

282 1383 393 1453 runt,
419 1356 521 1469 quae
544 1365 653 1443 libris
672 1365 811 1465 nostris
830 1362 936 1440 haud
958 1365 1138 1467 exignum
1159 1362 1347 1438 damnum
1371 1360 1547 1438 intulere.
1606 1362 1875 1437 Crescente
1836 1363 2022 1438 nimirum
2053 1364 2097 1440 ιιι

280 1504 351 1581 hos
382 1498 503 1580 libros
530 1504 780 1580 veneratione
811 1502 926 1577 etiam
948 1502 1121 1578 studium
1157 1502 1416 1579 invalescebat
1441 1530 1506 1578 ens
1530 1502 1740 1609 integritati
1769 1503 1956 1609 pristinae
1989 1507 2096 1583 resti»

281 1640 431 1719 tuendi.
489 1640 600 1739 Quae
623 1659 753 1719 autem
785 1642 834 1717 ad
863 1644 902 1717 id
936 1628 1195 1717 correctiones
1230 1632 1402 1733 fiebant,
1448 1643 1597 1718 diverso
1625 1641 1743 1720 modo
1781 1646 2096 1751 instituebantur.

279 1782 489 1885 Exemplar
508 1809 597 1858 cum
614 1783 827 1887 archetypo
850 1782 1003 1885 abipso
1026 1782 1187 1857 librario
1210 1782 1501 1874 conserebatur,
1534 1783 1715 1909 nihilque
1732 1765 1999 1890 corrigebatur
2022 1789 2103 1867 nisi·

186 2016 192 2029 .
281 1930 504 2035 σφαλιιατα
523 1947 715 2037 γραφικα,
741 1923 929 1999 iotacismi
954 1948 1102 2000 errores
1120 1906 1471 2027 etrsuperlluum
1522 1896 1698 2013 Codices,
1724 1952 1821 2028 quos
1842 1927 2096 2017 vidimus,1n

279 2062 444 2169 imperio
465 2092 601 2170 graeco
623 2082 662 2139 et
681 2064 722 2140 in
741 2064 953 2140 Occidente
968 2064 1100 2167 scripti
1119 2065 1280 2168 plurimi
1299 2062 1372 2139 bac
1388 2066 1540 2139 ratione
1559 2058 1748 2143 videntur
1757 2068 1948 2145 recensiti
1969 2066 2096 2150 Tanta

280 2204 322 2281 in
342 2204 413 2281 bos
433 2207 552 2283 libros
571 2206 647 2281 fuit
669 2185 884 2294 veneratio,
910 2222 955 2279 ut
982 2205 1132 2317 librarii
1164 2232 1186 2280 a
1211 2164 1379 2280 lectione
1398 2221 1553 2308 recepta
1577 2204 1760 2281 recedere
1781 2233 1863 2281 non
1890 2206 2096 2319 auderent,
2180 2294 2185 2303 Ι

280 2343 547 2446 lectionesque
566 2344 729 2447 margins
719 2342 961 2448 adscriptas
981 2327 1059 2419 una
1085 2370 1174 2419 cum
1196 2344 1364 2421 lectione
1389 2362 1514 2421 textus
1537 2345 1778 2449 recipiendas
1798 2373 1875 2424 esse
1898 2366 2093 2456 putarent.

281 2480 368 2579 Qua
390 2486 541 2577 ratione
559 2484 790 2572 factumest,
811 2502 855 2558 ut
873 2510 983 2559 voces
1000 2482 1040 2561 δε
1027 2501 1097 2558 et
1112 2517 1199 2584 μιν,
1224 2518 1350 2591 sepior
1361 2518 1524 2596 χριστος
1541 2503 1579 2561 et
1596 2518 1726 2577 ιησους
1748 2486 1920 2589 aliasque
1935 2515 2015 2567 sese
2032 2512 2094 2563 ex·

281 2624 469 2730 cipientes
486 2624 834 2728 deprehendamus
884 2605 1208 2729 Saepenumero
1198 2652 1240 2697 ιο
1262 2628 1422 2700 Oriente
1445 2613 1608 2702 libriin
1635 2626 1871 2701 consessibus
1894 2624 2093 2702 emendari

211 2804 227 2823 „
279 2764 475 2854 solebant,
513 2766 565 2841 ita
589 2765 750 2869 quidem
781 2784 826 2842 ut
848 2766 898 2842 ad
920 2766 1101 2841 dictantis
1125 2790 1259 2842 vocem
1282 2766 1394 2839 multi
1425 2764 1542 2839 simul
1575 2764 1726 2839 codices
1748 2790 1768 2837 a
1794 2766 1975 2866 pluribus
2002 2794 2124 2882 ιοιι-ι

280 2908 444 3011 gregatis
467 2908 765 3009 corrigerentur.
827 2908 873 2980 In
897 2904 1097 2983 codicibus
1119 2907 1277 3011 syriacis
1298 2924 1337 2981 et
1354 2906 1520 2981 arabicis
1542 2903 1583 2979 in
1601 2894 1773 3006 margine
1791 2904 1928 3009 passim
1948 2904 2099 2982 indica?

207 3039 212 3054 ‘
280 3032 370 3134 tur,
396 3072 600 3149 quousque
623 3046 780 3121 collatio
803 3022 981 3125 saetaest
1031 3048 1158 3149 Atque
1176 3046 1281 3121 hanc
1298 3044 1622 3121 consuetudinem
1641 3042 1772 3119 adhuc
1795 3046 1835 3118 in
1858 3026 2019 3121 Oriente
2039 3049 2094 3123 vi·

218 3277 222 3285 Ι
280 3212 388 3291 gere,
420 3187 498 3262 Cel.
519 3185 689 3262 Joannes
713 3184 817 3260 Jahn
838 3214 885 3262 ex
905 3212 972 3261 ore
993 3185 1152 3261 Antonii
1173 3182 1314 3261 Aridae
1333 3185 1549 3288 Presbyteri
1574 3184 1857 3262 Maronitarum
1878 3211 1918 3261 se
1938 3214 2094 3293 compe-

279 3326 371 3403 risse
393 3327 511 3403 refert
534 3328 572 3419 ¹).
669 3302 673 3317 ¹

381 3532 585 3614 Interdum
603 3533 774 3623 librarii,
803 3559 889 3609 cum
910 3532 1062 3611 codices
1081 3536 1361 3623 suscriberent,
1395 3534 1509 3637 plura
1530 3534 1781 3639 exemplaria,
1818 3525 1919 3635 quae
1940 3547 2092 3637 praesto
2172 3572 2176 3581 ·

279 3664 369 3781 ipsis
390 3692 533 3762 essent,
561 3676 844 3751 consuluerunt
863 3692 981 3778 atque
999 3702 1044 3751 ex
1063 3676 1108 3749 iis
1126 3702 1187 3751 eas
1208 3675 1393 3749 lectiones
1423 3676 1465 3763 in
1489 3673 1686 3777 exemplar
1704 3672 1964 3761 admiserunt,
1991 3698 2097 3777 qnae*

278 3820 339 3895 rel
358 3820 538 3925 plurimis
556 3818 850 3895 auctoritatibus
869 3818 1114 3905 nitebantur,
1138 3815 1200 3891 vel
1220 3842 1323 3919 quas
1331 3817 1494 3891 maxime
1511 3815 1742 3919 probabant,
1768 3795 1974 3889 Testantur
1990 3810 2091 3887 illud

277 3930 578 4063 subscriptiones
600 3961 640 4033 in
661 3958 796 4035 codice
823 3958 940 4061 Regio
962 3958 1021 4035 53.

273 4168 286 4175 ”
378 4150 611 4265 Εὐαγγέλιον
641 4168 742 4240 κατὰ
772 4172 970 4263 parabolen
997 4170 1141 4276 ἐγράφη
1168 4162 1233 4241 καὶ
1260 4168 1473 4267 dvrsdtnbn
1502 4170 1542 4237 ε”κ
1566 4155 1640 4239 rati
1668 4164 1706 4239 ε”ι
1729 4166 1992 4273 irpoooldpotc
2018 4186 2090 4233 πα-

362 4312 472 4379 &dot-‘⁶
473 4306 757 4419 νάιτίγραφιόι
776 4315 850 4380 τιι
871 4313 909 4379 ἑν
931 4337 982 4405 τῳ
996 4310 1099 4404 tityro
1120 4314 1197 4411 ὁρει
1225 4312 1478 4399 ἀποκιιμιιωι
1501 4308 1538 4378 ἐι
1556 4306 1711 4399 στίχοις
1730 4306 1852 4379 ΒΦΙΔ

126 4506 130 4513 .
258 4536 267 4557 '
373 4451 603 4543 Eiayya'lttov
637 4448 740 4521 κατὰ
762 4452 908 4545 μάρκον
940 4450 1081 4553 εγράφη
1115 4448 1180 4520 καὶ
1210 4446 1469 4538 ἀιτιβλήθη’
1450 4445 1585 4543 ομοίως
1614 4450 1654 4517 ἐκ
1679 4454 1755 4520 τῶν
1775 4436 2090 4545 ἐσπουδασμένοι

374 4592 413 4661 ἐν
434 4586 588 4685 στίχοις
610 4606 692 4689 αφς
716 4590 944 4695 sepultorem
966 4581 1061 4659 ΕΛΖ
1088 4593 1200 4684 ἀμὴν.

374 4732 606 4828 Εὐογγέλιον
638 4730 741 4803 κατὰ
773 4728 917 4803 λούκοῖιι
962 4732 1105 4836 ἐγράφη
1148 4724 1215 4806 καὶ
1258 4728 1494 4823 ἀπεβλήθη.
1515 4722 1679 4819 ὁμοίως
1691 4726 1731 4795 ἐν
1755 4720 1927 4815 attigere
1965 4652 2089 4841 BXOZ

376 4891 457 4978 κεφ.
484 4878 603 4947 rnre.

324 5134 356 5216 ι)
378 5132 569 5224 Einleitnng
588 5136 638 5200 ins
658 5134 734 5201 Alte
755 5136 945 5205 Testament
967 5138 990 5200 1.
1012 5156 1045 5221 p.
1069 5134 1139 5221 378.
1164 5136 1235 5218 379.
