4584 5609
386 496 660 627 Characterhm
691 533 853 609 lucinam
875 534 1081 636 oblongam
1103 560 1124 609 a
1146 534 1293 613 scribae
1315 534 1532 611 festinantis
1559 562 1679 612 mann
1699 538 1933 643 provenire,
1968 560 2101 618 exeo-
2152 509 2158 521 ι

285 703 371 751 rum
394 672 515 747 ductu
535 694 708 789 spppret.
769 677 814 749 ln
834 676 1035 779 permultis
1054 647 1204 781 paginis
1224 677 1415 779 quadrato
1438 678 1497 753 illi
1515 676 1681 782 antiquo
1710 678 1815 773 haud
1840 680 2022 768 absimilis
2045 680 2101 754 vi·

186 854 189 859 ·
284 788 708 921 tletur,'prouti,=eurn
739 809 781 886 in
807 813 939 925 codice
971 816 1075 917 regio
1104 844 1128 915 9
1160 817 1209 913 nh
1236 820 1589 921 intelligentissimis
1615 821 1752 897 barum
1779 847 1910 899 rerum
1944 821 2101 895 arbitris

220 942 259 995 Τ
283 952 437 1027 sacculo
457 951 514 1021 vt
528 947 750 1049 adjudicato
772 947 1101 1057 deprehendimus
1125 950 1166 1045 8).
1213 948 1378 1059 Spiritus
1403 975 1534 1034 autem
1556 978 1710 1068 temper
1735 941 1899 1061 antiquo
1915 984 2023 1035 more
2046 945 2124 1033 ei·

285 1092 439 1173 formati
462 1107 561 1168 sunt.

382 1330 579 1435 Scriptura
608 1331 795 1405 continua
824 1330 1025 1407 literarum
1046 1332 1128 1425 sine
1149 1332 1397 1411 distinctione
1411 1291 1581 1421 iocum,
1614 1332 1807 1409 vocalium
1832 1348 1870 1409 et
1885 1356 2101 1409 consonan-

286 1471 384 1547 tium
405 1469 733 1583 permutationes,
767 1470 960 1545 vocalium
983 1490 1087 1544 sono
1115 1475 1288 1547 allinium
1315 1474 1584 1587 confusiones,
1618 1489 1863 1577 praepostera
1895 1505 1922 1551 r·
1943 1462 2098 1585 sprinc-

259 1584 423 1693 Tnctstnu
447 1612 610 1717 positio,
633 1613 837 1714 omnisque
859 1608 1171 1715 orthographia
1161 1638 1201 1684 ιιι
1218 1610 1294 1683 hoc
1311 1598 1468 1686 codice
1479 1628 1523 1685 ut
1544 1610 1586 1686 in
1603 1610 1878 1711 antiquissimis
1897 1614 2100 1715 reperiun-

287 1768 374 1839 tur,
401 1752 441 1825 in
463 1749 664 1828 codicibus
683 1778 773 1825 sero
795 1768 881 1853 post
898 1752 1094 1838 saeculum
1113 1748 1310 1826 decimum
1330 1753 1483 1859 scriptis
1503 1754 1562 1832 vel
1583 1754 1777 1835 serissime
1797 1755 1857 1831 vel
1875 1754 1992 1858 plane
2014 1781 2099 1830 non

283 1888 483 2017 apparent
1001 1886 1009 1901 ’

282 2216 291 2239 ·
382 2118 492 2205 illud
511 2126 668 2203 tandem
695 2124 774 2228 jam
793 2149 910 2227 supra
937 2124 1149 2227 tetigimus,
1185 2124 1296 2230 quod
1313 2141 1371 2202 est
1388 2124 1564 2230 prolecto
1587 2150 1669 2203 non
1686 2125 1793 2216 leve,
1826 2126 1994 2204 set-haud
2017 2128 2098 2205 scio

285 2298 343 2345 an.
360 2268 640 2383 gravissimum,
674 2268 781 2369 quod
803 2283 985 2361 accentus
1014 2282 1052 2339 et
1077 2265 1234 2369 spiritus
1253 2264 1453 2340 interdum
1476 2267 1536 2340 vel
1555 2292 1760 2369 perperam
1786 2282 2007 2370 ponantur,
2033 2266 2097 2340 vel

155 2469 156 2477 ,
209 2464 212 2470 .
282 2409 400 2515 plane
415 2408 551 2483 desint.
578 2410 665 2484 Post
676 2402 881 2513 septimum
901 2406 1005 2480 enim
1020 2406 1216 2481 saeculum
1237 2394 1360 2490 illud,
1383 2423 1427 2479 ut
1445 2405 1485 2479 in
1505 2404 1606 2478 libro
1628 2422 1759 2479 nostro
1777 2406 1985 2491 rarissime,
2011 2422 2098 2509 post

284 2552 437 2623 nonum
466 2572 558 2625 vcro
587 2572 791 2648 nunquam
828 2546 870 2621 in
903 2544 1101 2621 codicibus
1134 2545 1451 2655 deprehenderis.
1510 2544 1620 2639 Quae
1641 2570 1770 2621 omnia
1793 2573 1823 2621 st
1814 2544 1954 2619 nihil
1969 2544 2096 2639 ahud

229 2782 231 2793 ⁴
285 2684 362 2765 hoc
384 2705 510 2763 tamen
530 2688 718 2790 probant
754 2702 843 2769 euin
876 2694 959 2791 post
979 2686 1177 2760 saeculum
1203 2682 1399 2761 decimum
1426 2705 1508 2758 non
1537 2706 1614 2757 esse
1641 2682 1844 2847 scriplum,
1869 2687 1920 2763 de
1939 2680 2096 2764 saeculo

275 2819 386 2903 'Vnt
405 2846 444 2903 et
460 2825 516 2903 tx
542 2828 800 2933 probabiliter
820 2828 1010 2933 disputari
1031 2850 1151 2983 posse.

382 3066 507 3142 Missis
519 3065 604 3141 aliis
623 3064 821 3143 indiciis''
795 3092 918 3169 nsque
939 3064 1087 3155 multis,
1121 3091 1295 3166 quorum
1311 3062 1406 3137 vero
1423 3059 1619 3165 probandi
1640 3061 1695 3137 ris
1715 3060 1756 3139 ia
1779 3060 1946 3139 dubium
1965 3064 2097 3143 vocari

282 3221 428 3313 potest,
445 3204 592 3281 ‘sufficit
611 3230 683 3307 pro
704 3204 886 3281 omnihus
904 3204 1204 3281 mimatensium
1221 3200 1520 3279 duumvirorum
1544 3195 1742 3300 judicum,
1768 3198 1837 3303 qui
1859 3224 1948 3273 eum
1971 3202 2097 3303 inspe-

283 3364 442 3433 xerunt,
477 3344 654 3420 omniutn
683 3359 789 3418 certo
821 3340 1232 3447 praestantissimorum
1261 3364 1508 3441 provocasse,
1555 3337 1769 3433 bernhardi
1806 3338 2097 3416 Montiauconii
2199 3353 2204 3360 ’

284 3482 526 3559 benedictini
545 3481 579 3565 9)
598 3498 636 3558 et
652 3482 779 3557 Caroli
796 3482 886 3559 Ben.
902 3480 1028 3567 llasii,
1055 3477 1278 3555 Professoris
1295 3476 1482 3551 Parisini
1473 3502 1513 3548 tn
1532 3476 1729 3554 academia
1749 3475 1936 3553 docendis
1949 3478 2105 3579 linguis·
2206 3546 2213 3556 ,

283 3621 540 3701 orientalibus
562 3622 606 3713 ¹⁰)
632 3620 883 3725 Pecult'tttler
902 3619 1050 3705 dicata
1083 3593 1430 3719 stqneacustodta
1452 3614 1808 3720 Manuscrrptorum
1833 3606 2033 3691 codicum
2038 3614 2097 3689 Bi
2131 3609 2135 3616 ”

265 3764 419 3841 ‘blioth
436 3788 503 3865 reg
506 3761 583 3848 iac,
611 3787 781 3863 quorum
805 3776 970 3862 uterque
991 3738 1417 3879 cumchstaeculo
1439 3754 1821 3858 mecumadjndicat.
1917 3841 1922 3854 ⁸

252 4184 260 4193 v·
326 4144 361 4227 8)
384 4142 619 4207 Charactet'nm
634 4134 852 4225 plurimorum
876 4142 981 4207 forma
999 4143 1093 4209 valde
1111 4142 1225 4207 similis
1243 4159 1295 4207 est
1307 4140 1385 4218 itti,
1401 4164 1503 4228 quem
1519 4143 1552 4205 iit
1570 4144 1687 4209 codice
1704 4127 1933 4231 tntiqalstlmo
1946 4143 2006 4209 illo
2021 4142 2094 4209 tGe-

409 4266 501 4359 nesip
520 4248 711 4331 continente
730 4280 830 4351 etque
850 4267 884 4329 in
902 4266 1111 4333 Bibliotheca
1129 4255 1316 4339 Viennensi
1329 4280 1500 4335 morteto
1516 4264 1803 4351 deprehendimus.
1845 4266 1889 4329 cf.
1904 4254 2093 4360 hembeccii

408 4385 512 4449 Cetei.
535 4388 591 4452 111.
612 4408 645 4472 p.
662 4406 679 4449 a
697 4408 747 4471 sq.
1089 4400 1105 4446 t

38 4570 49 4581 '
155 4628 157 4631 ,
225 4654 232 4659 ‚
275 4546 278 4555 ’
325 4578 361 4660 q)
379 4555 553 4683 Pelseeg'r.
571 4588 620 4661 gr.
637 4584 742 4660 pits.
765 4568 835 4641 231.

220 4816 227 4831 .
329 4766 382 4850 to)
405 4763 513 4849 Hujus
532 4762 595 4823 tiri
611 4762 790 4827 doctissimi
809 4778 842 4827 et
860 4763 1069 4851 celeberrimi
1086 4768 1232 4832 consiliis
1250 4770 1282 4831 in
1298 4768 1363 4833 hoo
1381 4767 1566 4833 studiorum
1582 4735 1713 4851 genere¹
1727 4744 1825 4845 etque
1842 4730 1982 4825 imicitia
2001 4774 2091 4827 tento

405 4891 536 4953 felicius
551 4902 647 4968 utor,
668 4894 790 4973 quanto
811 4893 977 4957 sincerum
991 4897 1092 4982 tnagis
1106 4893 1140 4955 in
1154 4916 1194 4960 eo
1209 4889 1326 4980 pestiis
1342 4856 1475 4980 semper
1489 4896 1647 4978 expertus
1661 4905 1751 4972 suut,
1774 4888 1927 4973 omnique
1941 4900 2092 4989 tempore

408 5011 442 5073 ia
460 5014 582 5080 amicos
601 4980 895 5102 promptissiimum.
