4584 5609
284 639 286 647 Α
330 549 521 628 Samariae
540 550 746 652 utriusque
762 567 800 625 et
815 514 1019 665 Galilaeae
1039 549 1121 624 nnn
1140 528 1393 653 discrepasse,
1417 574 1464 629 ex
1481 548 1712 647 codicibus„
1730 577 1829 657 quos
1846 578 1894 629 ex
1909 552 1971 631 his
1985 556 2142 659 provin·

302 762 306 773 ,
331 692 398 768 ciis
418 689 628 782 babemus,
664 691 792 793 colligi
815 696 865 789 ⁵'et
883 716 933 766 er
952 687 1306 795 perpetratarum
1328 688 1576 767 ecclesiarum
1599 691 1820 777 intercursu
1843 692 1985 797 conjici
2010 712 2144 800 potest.
2239 687 2241 712 '

329 877 379 897 --
401 834 528 945 §actas
557 834 597 909 in
618 834 699 909 sris
725 848 764 908 et
782 832 911 909 Africa
937 832 1124 938 dispersas
1144 829 1383 939 peculiarem
1409 848 1556 909 textum
1576 834 1651 910 sibi
1675 834 1907 924 vindicasse,
1932 837 2056 915 multa
2078 836 2145 914 do·

331 1001 419 1053 cere
436 974 628 1051 ridentur.
679 972 808 1069 Quam
826 972 985 1073 difficile
999 989 1128 1049 autern
1144 973 1214 1066 sit,
1246 997 1268 1048 e
1289 970 1498 1049 ruderibus
1518 973 1761 1079 antiquitatis
1788 977 1911 1052 veluti
1939 1002 1963 1053 e
1986 977 2146 1054 tumulis

331 1115 645 1219 sepultaeruere
669 1092 707 1190 ct
727 1113 778 1189 ad
800 1114 929 1189 lucem
949 1138 1161 1218 provocare
1191 1110 1411 1189 indubitata
1440 1098 1652 1217 quaedam,
1688 1142 1804 1192 neme
1837 1118 1968 1195 nescit.
2015 1120 2145 1221 Atque
2219 1139 2224 1157 ·

250 1262 257 1285 ,
304 1314 312 1330 „
331 1254 541 1357 quominus
559 1254 775 1355 quidquam
796 1253 891 1329 certi
908 1255 947 1329 in
965 1251 1285 1329 Orthodororum
1307 1251 1508 1329 codicibus
1521 1255 1856 1357 pronunciemus,
1882 1258 2037 1333 obstant
2055 1284 2145 1335 euru

329 1392 530 1467 silentium
558 1392 830 1467 historicorum
861 1407 944 1468 tum
977 1390 1304 1467 documentorum
1332 1364 1586 1497 antiquorum
1607 1362 1786 1499 penuria.
1809 1440 1856 1457 -
1891 1396 2143 1501 Negligentia,

330 1532 497 1621 invidia,
529 1533 821 1637 superstitione,
854 1529 1065 1621 incendiis,
1096 1532 1209 1609 bellis
1234 1535 1450 1625 coutinuis,
1466 1531 1692 1623 infidelium
1716 1539 2075 1643 persecutionibus,
2102 1537 2146 1613 ti·

328 1675 430 1765 neis,
459 1674 786 1761 terraemotibus,
812 1674 935 1749 ruinis
944 1732 957 1773 ,Ι
977 1672 1235 1751 seditionibus
1263 1690 1302 1749 et
1324 1675 1587 1781 plurimorum
1607 1679 1716 1754 Asiae
1742 1696 1781 1754 et
1801 1679 1949 1755 Africae
1972 1678 2145 1755 christia·

329 1841 472 1893 norum
494 1814 747 1891 conversione
766 1810 816 1887 ad
841 1814 957 1891 fidem
978 1810 1350 1891 Molrammedanam
1373 1815 1466 1892 libri
1485 1782 1741 1919 antiquissimi
1763 1819 1976 1921 perierunt.
2035 1818 2144 1917 Quos

324 1954 429 2031 lases
443 1952 519 2031 fata
540 1952 800 2059 reliquerant,
825 1954 885 2031 ab·
901 1952 1102 2059 Episcopis,
1120 1958 1248 2059 egenis
1278 1957 1341 2031 'rix
1361 1980 1406 2033 ac
1428 1984 1479 2034 ne
1497 1916 1560 2033 rix
1587 1955 1749 2060 quidem
1769 1960 1984 2063 comparari
2004 1976 2143 2065 potue·

329 2114 425 2173 nint
448 2114 486 2173 et
508 2097 668 2191 vetusti,
693 2096 803 2199 ‘quos
823 2092 1041 2185 habebant,
1080 2122 1156 2171 usu
1180 2094 1413 2198 quotidiano
1444 2080 1576 2173 deu-iii
1597 2114 1637 2173 et
1658 2098 1850 2207 consumti
1871 2080 1973 2175 sun't.
2022 2104 2141 2175 Aucta

313 2250 387 2313 'est
407 2237 504 2311 baec
521 2228 1175 2339 calamitas·percoelesiasticorum
1200 2234 1479 2337 ignorantiam,
1515 2238 1586 2339 qui
1614 2196 1761 2312 ueteres
1788 2212 1940 2313 codices
1965 2236 2140 2340 neglexe-

331 2394 426 2454 runt
445 2376 636 2483 optimum
652 2375 746 2465 rati,
770 2374 802 2461 si
819 2400 939 2451 novos
955 2376 1083 2479 potius
1100 2398 1219 2477 quem
1234 2390 1380 2449 veteres
1395 2353 1612 2461 haberent„
1630 2392 1670 2451 et
1686 2376 1811 2451 zelum
1827 2374 2139 2479 praedicatorum
2242 2393 2243 2452 l

329 2520 550 2623 Evangelii,
577 2544 675 2621 quos
696 2518 957 2593 Missionarios
972 2518 1128 2609 dicunt,
1154 2514 1223 2616 qui
1240 2540 1304 2589 eos
1319 2514 1481 2589 dammis
1492 2512 1704 2589 abolendos
1717 2516 1846 2618 potius
1856 2512 2139 2617 judicaverunt,

329 2687 448 2766 quam
471 2660 512 2737 ln
535 2644 731 2765 Europam
750 2656 971 2755 mittendos.
1030 2658 1087 2731 Er
1116 2654 1251 2761 primis
1280 2680 1370 2756 ergo
1393 2669 1564 2755 quotuor
1584 2649 1744 2731 saeculis
1764 2658 1885 2743 nulli,
1920 2684 1967 2732 ex
1991 2668 2061 2733 sex'
2087 2682 2140 2733 se·

328 2798 541 2903 questibus
564 2800 678 2905 pauci
697 2798 743 2875 N.
768 2800 808 2873 Τ.
831 2796 981 2877 codices
996 2798 1121 2901 graeci
1138 2800 1356 2899 supersunt
1406 2792 1517 2887 Quae
1535 2794 1612 2888 sata
1627 2795 1790 2871 subierit
1808 2808 1932 2870 textus
1949 2796 2140 2871 librorum

239 2994 247 3011 ,
329 2928 374 3015 N.
385 2940 424 3015 T.
446 2938 487 3013 in
504 2916 734 3043 supradictis
756 2937 923 3014 ecclesiis
943 2934 1229 3011 Patriarchatus
1251 2932 1528 3021 Alexandrini,
1550 2925 1785 3028 Antiocheni
1810 2952 1848 3008 et
1863 2934 2138 3039 Hierosolymi·
2243 3033 2244 3036 Ἴ

329 3079 439 3171 tani,
456 3080 507 3155 ad
523 3080 644 3155 latam
665 3104 838 3183 unguem
858 3078 1019 3192 resecari
1041 3102 1120 3151 non
1141 3088 1288 3179 potest,
1311 3078 1384 3151 nen
1406 3090 1490 3149 tum
1508 3090 1614 3149 certo
1633 3072 1844 3169 constabit,
1870 3074 2034 3179 quando
2061 3076 2139 3150 edi·

330 3220 502 3297 tionibus
516 3218 741 3293 versionum
754 3217 1003 3321 antiquarum
1022 3214 1186 3303 criticis,
1212 3214 1368 3289 Pn'trum
1386 3230 1611 3318 graecorum·
1630 3230 1669 3289 et
1684 3214 1900 3294 officiorum
1917 3214 2140 3291 ecclesiasti·

194 3436 203 3449 ,
327 3386 464 3439 corum
485 3337 719 3437 lectionibus
739 3358 967 3463 colligendis
992 3352 1227 3462 multiplices
1257 3378 1399 3460 operae
1425 3351 1570 3453 junctis
1589 3354 1803 3429 multorum
1833 3352 1972 3429 studiis
1994 3369 2139 3429 susten·

176 3958 179 3965 ·
278 3942 292 3969 ⁸*
328 3922 612 4005 controversiae
627 3924 749 3997 aleam
767 3923 888 4027 posita
911 3936 977 3998 cst.

223 3527 225 3533 ¹
329 3496 470 3587 tandae'
492 3518 652 3576 navatae
670 3517 800 3577 erunt.
851 3484 988 3601 Neque
1013 3515 1146 3573 tamen
1172 3495 1304 3599 negari
1325 3510 1466 3613 potest,
1502 3496 1549 3567 c'x
1569 3493 1701 3597 paucis
1724 3515 1827 3595 quae
1847 3512 2055 3597 supersunt
2072 3492 2139 3567 ha·

327 3670 414 3721 rum
435 3642 727 3746 provinciarum
746 3638 988 3715 documentis
1008 3638 1130 3712 multa
1147 3653 1251 3711 certe
1267 3650 1307 3710 et
1325 3635 1544 3711 indubitata
1566 3635 1660 3721 ellici
1679 3660 1797 3739 posse.
1840 3605 1988 3744 ⁴Tertus
2008 3650 2137 3711 autem

328 3782 576 3859 conformitas
599 3782 639 3857 in
662 3780 932 3886 patriarchatu
952 3772 1378 3886 conmantinopolit'qno
1407 3792 1447 3851 et
1474 3775 1516 3851 in
1537 3774 1693 3852 ccclesia
1714 3774 1836 3849 latina
1858 3792 1965 3850 extre
1984 3800 2138 3853 omnem

1303 3889 1313 3939 ,
2032 3902 2037 3913 .

427 4112 538 4187 Prins
554 4136 647 4187 vero
665 4136 782 4211 quam
802 4086 852 4183 od
878 4113 996 4215 ipsam
1017 4107 1255 4183 familiarum
1266 4105 1297 4199 ᾖ)
1316 4102 1806 4181 recensionemtrsnsitum
1825 4085 2026 4190 iaciamus,
2053 4101 2138 4177 bre·

326 4251 426 4326 viter
443 4248 635 4355 explicare
654 4266 721 4324 aut
740 4248 872 4325 saltem
891 4268 1047 4353 tangere
1061 4248 1169 4323 lubet
1188 4244 1413 4320 universum
1437 4260 1634 4333 tenorem,
1659 4245 1727 4346 qui
1751 4244 1858 4319 iniis
1876 4244 2072 4337 cernitur,
2097 4256 2141 4317 ut

325 4371 419 4477 binc
446 4388 597 4493 aliquid
625 4390 722 4465 lucis
755 4387 913 4473 accedat
942 4376 1006 4477 iis,
1047 4413 1146 4490 quae
1168 4401 1407 4487 sequuntur,
1441 4370 1561 4485 alque
1580 4408 1630 4497 ne
1654 4368 1772 4458 nimia
1797 4408 1900 4458 ame
1924 4383 1963 4457 in
1981 4384 2160 4459 demon·

323 4526 480 4609 stranda
502 4554 634 4615 earum
657 4528 791 4605 indole
812 4545 1054 4633 expetantur.
1075 4570 1124 4583 —
1148 4520 1201 4600 Ac
1224 4527 1394 4629 primurn
1407 4520 1572 4622 quidem
1595 4546 1728 4597 earum
1751 4518 1897 4595 indoles
1917 4522 2067 4597 nonita
2085 4536 2137 4595 est

236 4696 239 4705 ⁴
324 4687 571 4777 comparata,
604 4686 652 4745 ut
668 4670 938 4776 corruptiones
955 4693 1107 4771 semper
1132 4666 1185 4743 ad
1204 4683 1353 4743 certum
1377 4660 1579 4769 quoddam
1609 4680 1769 4767 systema
1807 4661 1943 4737 reduci
1970 4662 2135 4768 possint,

369 4948 400 5031 a)
421 4928 495 5012 linc
515 4957 636 5015 nomen
655 4948 865 5033 rem-optime
888 4948 1076 5035 exprimere
1096 4944 1255 5009 arbitror.
1296 4948 1348 5007 Ex
1364 4944 1402 5005 iis
1425 4964 1509 5027 quse
1530 4941 1703 5027 bucusque
1728 4939 1893 5026 disputata
1914 4950 2009 5020 sunt,
2037 4933 2133 5000 tacite

445 5085 556 5157 patet,
576 5072 656 5139 milti
674 5049 744 5139 rem
761 5092 835 5167 esse
847 5092 915 5138 aon
930 5081 1032 5159 posse
1049 5048 1233 5163 tumosrta
1249 5066 1386 5155 quadam
1400 5062 1606 5130 recensione.
