4584 5609
1950 391 2005 511 73

1034 596 1231 691 se.

291 728 573 875 Antiquitatem
590 796 699 848 nunc
719 771 864 849 codicis
889 773 1009 849 nostri
1039 770 1152 849 brevi
1175 800 1354 854 sermone
1371 774 1698 900 perstringamus
1757 780 2013 872 Simoniusl)
2100 786 2114 845 ι’
2189 820 2194 827 ·
2288 787 2289 838 ³

194 934 283 1030 eum
280 927 514 1017 propterea
535 912 689 986 saeculo
710 914 746 988 X
770 910 970 1003 adscribit,
1003 910 1113 1015 quod
1133 931 1312 989 accentus
1336 906 1475 1006 hahet,
1511 918 1659 994 Millius
1680 918 1710 1011 ἲ)
1733 932 2007 1027 propterera
2060 950 2065 961 ·

193 1068 345 1161 ypecpac
374 1044 424 1119 ad
446 1046 589 1123 calcem
617 1048 858 1151 singulorum
893 1050 1082 1141 (debebat
1106 1052 1236 1130 dicere
1262 1058 1378 1133 trium
1401 1058 1601 1160 priorum)
1624 1060 2010 1175 Evangeliorumad·
2090 1089 2116 1110 ·‘
2182 1075 2185 1083 '

190 1184 308 1283 jactas
327 1170 457 1305 adhuc
477 1188 733 1261 recentiorem
750 1203 873 1292 putat.
924 1190 1012 1266 Hae
1041 1193 1146 1271 enim
1169 1194 1541 1299 aTheophylacto
1531 1214 1705 1273 invectae
1727 1172 1914 1276 videntur
1937 1224 2012 1276 seu

192 1325 398 1427 paululum
423 1344 513 1399 aute
537 1327 619 1426 ejus
640 1346 823 1433 tempora.
1732 1416 1744 1426 .

295 1462 369 1536 Sed
397 1463 623 1539 Euthalium
641 1465 719 1565 jam
738 1467 893 1545 saeculo
916 1466 1057 1574 quinto
1081 1472 1171 1592 Acta
1196 1446 1470 1573 Apostolorum-
1498 1489 1536 1546 et
1565 1474 1742 1575 epistolas
1770 1508 1874 1553 κατα
1900 1507 2006 1583 προς·

192 1599 534 1705 ᾡδιαι.ιιιῐριίιιε,
559 1619 676 1702 atque
700 1613 924 1715 dxoypoqtae
944 1603 1148 1704 adjecisse,
1185 1609 1225 1681 in
1246 1609 1485 1711 praefatione
1507 1609 1557 1684 ad
1576 1634 1805 1715 opussuum
1830 1614 1944 1688 docet
1966 1614 2011 1701 ³).

149 1826 151 1829 ,
170 1820 172 1823 ,
191 1742 270 1815 Cur
292 1742 394 1817 idem
419 1742 458 1817 in
483 1744 698 1847 Evangeliis
714 1743 841 1823 farere
863 1771 944 1818 non
959 1746 1158 1849 potuerit,
1181 1770 1271 1819 sane
1287 1738 1374 1819 nou‘
1396 1744 1508 1857 video
1530 1737 1591 1841 ⁴).
1624 1751 1825 1827 Caeterum
1845 1769 2010 1847 constat,
2127 1784 2133 1793 ·

192 1901 374 1957 accentus
403 1910 423 1957 a
452 1882 721 1961 Grammaticis
748 1884 1019 1961 Alexandrinis
1046 1889 1122 1987 jam
1152 1883 1267 1959 luisse
1300 1876 1471 1958 invectos
1497 1873 1554 1976 ⁵).
1592 1904 1711 1987 atque
1745 1875 2009 1983 traditionem,

192 2046 310 2120 quam
331 2032 555 2135 ursoypaqoat
576 2024 796 2109 contineat,
824 2022 872 2097 de
893 2039 1066 2126 tempore
1091 2040 1128 2097 et
1150 2023 1236 2098 loco
1255 2022 1439 2099 editionis
1462 2024 1762 2125 Evangeliorum
1786 2043 2009 2115 nostrorum

192 2182 270 2235 esse
294 2160 618 2260 antiquissimam,
645 2188 815 2237 necnon
843 2164 883 2237 in
909 2159 1110 2237 codicibus
1127 2158 1285 2262 syriacis
1307 2161 1456 2236 saeculi
1477 2161 1566 2233 Vll·
1580 2180 1618 2237 et
1639 2163 1734 2235 Vlll
1765 2159 1938 2239 exhiberi
1957 2162 2005 2245 ⁶).

193 2297 387 2371 Ponamus
410 2299 565 2399 itaque,
593 2294 818 2373 Euthalium
839 2322 899 2371 eas
923 2321 1002 2369 non
1020 2294 1224 2395 adjecisse,
1250 2298 1360 2401 quod
1383 2301 1519 2401 utique
1540 2302 1666 2376 evinci
1689 2328 1768 2377 nou
1788 2320 1935 2405 potest,
1961 2287 2012 2377 li-‘

191 2434 343 2511 barrius
361 2452 491 2509 noster
514 2462 574 2511 eas
594 2462 640 2509 ex
663 2434 892 2541 traditione,
927 2434 1012 2518 rel,
1037 2436 1066 2509 si
1085 2438 1256 2537 Cyprum
1280 2432 1363 2536 ejus
1382 2438 1546 2540 patriam
1571 2455 1802 2530 statuamus,
1836 2467 1882 2515 ex
1902 2441 2007 2517 codi-

64 2618 68 2629 ,
191 2578 300 2653 cibus
313 2578 496 2680 syriacis.
513 2579 646 2679 qui-iu
670 2580 790 2652 tribus
806 2578 923 2681 Cypri
944 2576 1120 2681 partibus
1137 2594 1232 2680 post
1249 2578 1397 2651 tertiam
1423 2595 1462 2653 et
1479 2595 1656 2679 quartam
1676 2581 1870 2684 synodum
1888 2609 1908 2653 a
1926 2582 2008 2676 illa·

192 2716 350 2803 ronitis,
381 2716 565 2819 Jacobitis
594 2716 895 2791 etNestorianis
926 2692 1101 2820 usurpati
1126 2736 1237 2791 erant
1259 2714 1311 2805 ⁷),
1346 2716 1546 2793 desumere
1567 2736 1605 2796 et
1625 2720 1841 2822 Evangeliis
1867 2721 2006 2797 nostris

192 2852 338 2928 addere
367 2855 503 2957 potuit.
566 2856 677 2930 Hanc
710 2854 927 2931 innovandi
955 2858 1013 2930 vel
1039 2857 1169 2959 potius
1197 2856 1404 2962 reparandi
1433 2822 1623 2931 rationem
1646 2884 1668 2931 a
1689 2857 1850 2933 librario
1874 2876 2004 2937 nostro

148 3038 158 3049 ·
192 3020 273 3070 non
297 3020 374 3069 esse
392 2996 580 3079 alienam,
614 2996 692 3095 jam
713 3022 851 3101 supra,
877 2996 946 3071 nbi
968 2994 1017 3072 de
1035 2997 1223 3101 Capitulis
1238 2979 1450 3096 majoribus
1474 3013 1513 3071 et
1532 2994 1768 3071 sectionibus
1788 2999 2007 3073 Ammonia·

190 3135 250 3209 nis
274 3136 479 3237 agebatur.
508 3136 756 3212 ostendimus.
807 3137 914 3212 Nihil
936 3138 1221 3239 igitur-obstat,
1248 3162 1329 3239 quo
1349 3135 1478 3209 minus
1498 3160 1586 3209 eum
1608 3134 1761 3209 saeculo
1775 3134 1870 3207 Vlll
1895 3136 2007 3237 adju·

192 3273 375 3387 dicemus
428 3274 506 3350 Etsi
531 3301 589 3351 res
605 3275 703 3350 haec
721 3276 850 3377 potrus
874 3278 998 3351 oeulis
1018 3278 1200 3367 testibus,
1227 3298 1344 3375 quam
1364 3274 1598 3374 argumentis
1615 3271 1855 3374 percipiatur
1873 3297 1918 3347 ac
1938 3270 2005 3347 de·
2069 3290 2073 3295 ·
2139 3356 2143 3363 ,

192 3430 439 3498 monstretur,
464 3440 542 3487 non
565 3414 704 3487 desunt
722 3404 851 3487 tamen
872 3410 1017 3488 indicia
1029 3400 1231 3516 quaedam
1249 3427 1420 3504 externa,
1443 3436 1545 3516 quae
1566 3412 1607 3486 in
1623 3409 1844 3514 indaganda
1861 3409 2012 3545 codicis

170 3552 421 3653 antiquitate
445 3551 552 3626 bau‘d
576 3550 806 3663 negligenda
822 3569 925 3661 sunt.

121 3841 130 3853 ““
233 3834 265 3917 ι)
287 3834 371 3897 tatu.
391 3833 464 3897 erit.
486 3834 529 3897 da
546 3844 637 3899 texte
658 3822 703 3898 du
719 3838 758 3900 tt.
778 3836 817 3900 T.
839 3835 932 3923 chop.-
952 3832 996 3899 X·

231 3997 265 4078 a)
287 4001 325 4061 tt.
343 4001 382 4061 Τ.
396 3998 448 4063 ad.
468 4000 497 4061 J.
518 4000 605 4061 Mill..
621 4000 756 4084 Prolag.
780 3998 908 4065 CLXV.

225 4166 273 4250 3)·
289 4168 432 4251 zacagni
448 4170 594 4291 lienum.
615 4179 681 4229 ant.
700 4166 781 4229 eccl.
801 4184 851 4251 gr.
873 4186 906 4248 p.
925 4170 987 4246 aot)
1005 4162 1055 4247 sq.

231 4334 269 4413 t)
290 4332 413 4414 Regale
432 4331 509 4392 diss.
530 4330 571 4392 de
584 4298 789 4392 ⁸auctoritato
807 4340 846 4389 et
860 4326 1056 4413 antiquitate
1078 4324 1357 4409 interpunctionis
1380 4323 1417 4385 in
1436 4325 1484 4397 N„
1495 4324 1533 4385 T.
1555 4321 1767 4405 Regiomoat.
1789 4306 1876 4401 ¹734·
1898 4318 2000 4382 multa

178 4506 184 4515 .
311 4455 397 4519 bene
417 4476 478 4538 pro
495 4452 648 4514 Eutbalio
664 4452 855 4536 disputavit.

230 4611 337 4697 d.)Cl
358 4614 758 4701 MontlaucoaPalaeogr.
779 4634 828 4699 gr.
850 4634 923 4701 pag.
943 4615 1013 4681 223.
1035 4622 1104 4689 sate
1126 4610 1206 4742 aa5.
1246 4608 1399 4673 D’Aasre
1417 4608 1459 4670 de
1483 4605 1648 4706 Villoison
1675 4604 1808 4691 Proleg.
1836 4600 1885 4665 ati
1902 4603 1999 4665 Hom.

309 4738 403 4841 lliatl
425 4759 455 4821 p.
475 4740 520 4798 lll
540 4758 587 4821 aq.
752 4744 755 4753 '
829 4818 836 4837 .
975 4822 978 4829 .
1602 4755 1621 4788 κ

231 4896 314 4980 (dl.
332 4900 366 4960 8.
382 4896 578 4967 Assemanni
598 4846 683 4962 Bibl.
699 4842 818 4997 orieirt.
839 4900 965 4964 Romae
974 4898 1072 4991 2725·
1095 4900 1133 4961 T.
1150 4851 1206 4960 ttl.
1228 4896 1349 4958 Paret.
1370 4894 1507 4979 p.8aq.
1605 4877 1612 4885 ¹

231 5059 819 5149 7)J.S.=AssemannsBrlrl.orront
842 5066 866 5128 l.
887 5086 921 5149 p.
941 5088 1007 5148 ¹7¹·
1028 5062 1067 5124 ll.
1088 5056 1409 5143 Diuersarum
1429 5056 1560 5121 subtst
1579 5058 1719 5141 Cyprus.

1458 5208 1500 5257 10
