4584 5609
1933 419 1993 504 63

174 621 364 699 rarissime
388 638 493 697 certe
516 619 618 696 hanc
639 620 793 724 eulpam
824 621 863 695 in
884 647 924 697 se
941 595 1153 708 admisisse,
1177 620 1350 723 denique
1371 639 1516 701 textum
1541 630 1783 733 ἀντιγραφαο
1807 659 1993 733 conpressos

172 761 323 865 scripti,
349 761 570 837 accentibus
588 776 626 835 et
643 760 841 865 spiritibus
863 761 1046 852 carentis,
1081 776 1198 863 atque
1214 759 1315 837 adeo
1333 764 1590 865 antiquissimi
1618 763 1786 839 fideliss·
1807 769 1991 848 exhibere

174 899 364 977 rideatur.
490 908 496 915 '
958 896 961 903 ’
2007 1007 2010 1011 Α

272 1042 422 1118 Codicis
440 1042 559 1145 igitur
580 1067 669 1119 usus
692 1041 833 1118 inerte
854 1042 987 1119 critica
1006 1036 1144 1148 utique
1168 1042 1324 1119 maximi
1348 1060 1402 1119 est
1422 1045 1627 1133 momenti,
1655 1061 1773 1146 atque
1794 1044 1834 1120 in
1854 1071 1900 1122 eo
1919 1073 1989 1149 po·
2116 1032 2121 1041 ¹

163 1166 359 1261 tissimum
390 1202 611 1289 spectatur,
651 1183 760 1289 qnod
793 1186 1026 1261 lectionibus
1055 1184 1415 1287 antiquissimorum
1460 1201 1499 1269 et
1533 1182 1769 1285 optimorum
1807 1184 1989 1268 codicum

170 1356 353 1433 magnum
372 1322 526 1434 pondus
542 1330 686 1403 allocut
738 1330 837 1403 Eum
853 1329 1040 1405 refertum
1066 1352 1145 1400 esse
1168 1327 1402 1402 lectionibus
1431 1323 1547 1424 hujus
1566 1326 1715 1429 genesis
1733 1326 1866 1429 probis
1891 1328 1989 1403 Ver·
2084 1341 2093 1349 “

166 1470 323 1559 Ιεἱοιιιιαι
352 1487 391 1545 et
416 1471 569 1545 Petrum
599 1436 790 1545 consentu
822 1442 1004 1556 firmatis,
1037 1467 1159 1542 ouivis
1186 1482 1357 1539 nostram
1379 1465 1555 1567 syllogen
1591 1434 1842 1566 perlustranti
1872 1465 1985 1543 tacite

168 1610 327 1715 patebit.
372 1610 400 1680 'J
405 1624 494 1683 uvat
517 1620 598 1685 rem
626 1608 809 1711 exemplis
831 1608 964 1711 paucis
989 1608 1182 1683 illustrare
1206 1634 1253 1683 cx
1272 1607 1399 1709 capite
1421 1607 1499 1679 Vll
1524 1606 1724 1711 Evangelii
1749 1608 1801 1683 St.
1823 1606 1987 1685 Joaunis

169 1750 309 1853 petitis.
1079 1746 1084 1751 ’

156 1888 162 1899 ’
275 1918 302 1964 ι.
352 1888 534 1965 Dubitari
553 1889 617 1965 vix
638 1904 788 1993 potest,
814 1886 1021 1963 lectionem
1045 1884 1189 1962 codicis
1208 1886 1328 1962 nostri
1346 1892 1453 1987 ’μετὰ
1482 1899 1612 1968 ταῦτα
1643 1896 1860 1997 περιεπάτει
1884 1896 1905 1967 ὁ
1930 1899 1984 1983 tc·

169 2042 263 2115 σοῦς
280 2056 353 2133 pro
375 2029 526 2133 vulgari
547 2026 765 2135 περιεπάτει
787 2037 807 2107 ὁ
830 2035 957 2119 isonis
976 2034 1076 2129 μετὰ
1091 2040 1223 2107 ταῦτα
1245 2054 1321 2103 esse
1342 2028 1618 2132 recipiendum.
1675 2030 1765 2105 Non
1784 2030 1887 2105 eninr
1913 2056 1986 2107 nu·

168 2168 366 2247 metandis
387 2170 566 2261 testibus,
589 2168 657 2245 sed
678 2170 831 2245 testium
850 2170 1028 2260 familiis,
1056 2168 1257 2271 loquendi
1272 2195 1344 2243 usu
1371 2167 1535 2269 aliisque
1559 2166 1713 2243 indiciis
1731 2168 1892 2243 internis
1911 2167 1985 2243 cri·

168 2308 659 2385 tiees'munusabsoliitur.
708 2314 756 2383 At
774 2334 865 2384 vero
886 2326 930 2384 ut
947 2306 1132 2393 familiam
1155 2324 1364 2411 utramque
1388 2309 1658 2411 aegyptiacam·
1684 2324 1814 2383 testem
1844 2306 1983 2410 utique

167 2452 430 2559 gratissimum
457 2469 673 2542 taceamus,
708 2450 825 2553 Syrus
843 2448 1021 2525 Peschito
1040 2474 1130 2549 eum
1151 2446 1353 2522 codicibus
1372 2441 1736 2534 Palaestinensibus,
1761 2447 1984 2552 Chrysosto·

168 2620 270 2698 mus,
296 2584 561 2693 Evangelistae
575 2588 767 2691 loquendi
790 2614 879 2663 usus
898 2587 1053 2690 aliaque
1073 2584 1217 2661 indicia
1235 2586 1389 2659 interna
1410 2584 1513 2660 hanc
1533 2585 1742 2661 lectionem
1759 2601 1932 2662 tuentur.

268 2732 304 2803 tt.
353 2738 500 2819 ταύτην
524 2728 630 2802 abest
653 2754 674 2801 a
700 2727 980 2829 multisssiisque
1002 2706 1245 2830 bonislibris
1264 2726 1534 2803 Alexandrinis
1563 2726 1651 2803 B.L.
1668 2726 1831 2823 Τ.Χ.4.
1881 2730 1985 2833 Reji·
2045 2709 2049 2723 ’

168 2868 279 2943 ciunt
301 2866 459 2969 Coptica
486 2868 628 2957 versio,
651 2866 818 2968 Cyrillus
839 2882 876 2942 et
896 2866 1194 2971 Chrysostomus
1252 2868 1476 2973 Repudiant
1503 2896 1550 2973 er
1575 2866 1893 2950 Occidentalibus
1919 2896 1984 2945 co·
2030 2953 2034 2963 ,

169 3008 272 3083 dices
291 3008 338 3084 D.
362 3035 387 3081 ι.
409 3006 518 3081 net
532 3012 582 3081 18.
609 3006 732 3081 versio
750 3004 877 3081 Sohid
895 3021 934 3081 et
956 3006 1107 3083 codices
1121 3007 1233 3081 latini
1252 3023 1350 3083 cent
1372 3034 1503 3119 veron.
1521 3034 1619 3084 rere
1639 3009 1738 3085 colb.
1756 3009 1863 3087 corb.
1912 3010 1983 3087 Co·
2093 3086 2098 3091 ,

168 3146 246 3223 (1ίοί
266 3148 384 3251 igitur
402 3148 543 3253 Cyprio
564 3164 673 3223 testes
694 3148 808 3223 multi
831 3166 870 3222 et
891 3149 1099 3252 gravissimi
1120 3148 1391 3250 sullragantur.
1439 3150 1514 3223 Sed
1529 3150 1624 3230 'cnm
1645 3152 1744 3223 ratio
1767 3175 1838 3225 cur
1862 3148 1983 3225 adde-

166 3309 296 3377 retur,
322 3279 648 3394 appereatnulla,
674 3301 887 3395 rocelnque
907 3289 998 3363 libri
1011 3289 1162 3364 Asiatici
1184 3288 1433 3393 etByzantini
1452 3289 1671 3379 retineant,
1697 3312 1780 3363 rem
1798 3291 1842 3364 in
1858 3286 1982 3365 dubio

35 3436 37 3443 ’
165 3432 435 3537 relinquimus.

231 3558 244 3573 „
267 3580 300 3648 s.
350 3542 480 3649 Codex
499 3590 628 3649 noster
645 3574 736 3677 legit
754 3585 824 3653 οὐκ
844 3578 1060 3675 ἀναβαίνω,
1087 3570 1205 3673 eique
1234 3568 1448 3644 assentiunt
1470 3568 1809 3671 cantabrigiensis,
1832 3570 1981 3675 plerae-

168 3688 458 3817 que⁴versiones
477 3712 620 3787 latinae
639 3714 1068 3817 antebieronymisnee,
1093 3714 1128 3787 S.
1156 3710 1435 3814 Hieronymus,
1460 3710 1495 3786 S.
1510 3714 1747 3813 Augustinus
1761 3712 1980 3810 (tractati),

168 3874 207 3929 et
229 3882 274 3928 ex
297 3852 565 3928 Alexandrinis
587 3852 745 3928 Codices
764 3856 857 3955 regii
885 3864 926 3951 ¹4
947 3853 1028 3943 (Gr.
1043 3858 1126 3949 33),
1160 3853 1207 3929 55
1233 3850 1319 3947 (Gr.
1345 3862 1421 3962 ις),
1460 3821 1584 3925 versio
1605 3849 1875 3955 Memphitica,
1911 3857 1982 3942 Ae,-

166 3994 358 4097 thiopica,
393 3994 436 4069 S.
450 3995 617 4095 Cyrillus
637 3994 738 4093 (ill.
766 4021 848 4097 rap.
869 3998 946 4080 35.)
975 4012 1014 4068 et
1037 3995 1069 4069 S.
1084 3993 1375 4096 Clrrysostomus
1406 3992 1643 4095 (hom.47.).
1703 3997 1859 4072 Praeter
1883 3994 1980 4070 haee
2069 3985 2072 3991 ¹

166 4136 370 4235 utriusque
401 4134 570 4208 familiae
601 4116 846 4239 aegyptiacae
885 4133 1100 4208 testimonia
1135 4133 1456 4237 praestantissime
1487 4136 1778 4211 commemorari
1806 4152 1980 4221 meretur
2070 4114 2074 4121 .

165 4272 198 4352 S.
217 4275 457 4380 Epiphanius
485 4274 533 4365 ¹),
558 4275 626 4377 qui
646 4274 773 4347 eidem
795 4274 953 4349 lectioni
974 4274 1215 4377 sullragotur.
1268 4251 1382 4370 Quae
1396 4276 1465 4377 qui
1489 4276 1565 4351 rite
1585 4253 1830 4380 perpendere
1847 4277 1981 4351 volue-

209 4516 242 4596 r)
265 4513 337 4577 adv.
357 4518 495 4577 Haeret.
518 4515 540 4577 l.
560 4516 600 4575 ll.
622 4516 724 4577 llaec.
747 4512 868 4574 xxxt.
891 4534 923 4595 p.
944 4520 1005 4594 447
1025 4512 1075 4587 ed.
1094 4514 1209 4577 Petav.
1232 4528 1266 4579 et
1284 4514 1407 4576 nodum
1424 4514 1468 4576 its
1482 4514 1604 4577 solvit:
1721 4478 1725 4484 -

290 4634 523 4721 μ-οστηριωδοίς
542 4636 605 4721 γὰρ
623 4636 680 4695 καὶ
699 4643 930 4717 πνευματικοῖς
946 4635 1184 4718 διαλεγομένου
1201 4648 1275 4710 τοῖς
1294 4638 1401 4698 σίτου
1421 4638 1602 4719 ἀδελφοῖς,
1629 4636 1689 4697 οὐκ
1708 4635 1847 4721 ᾔδεισαν
1862 4634 1898 4699 τί
1912 4631 1980 4698 ἕλε·

287 4780 356 4845 νμν.
386 4757 477 4842 ίλιγε
505 4758 569 4844 γὰρ
591 4760 737 4848 αὐτοῖς,
766 4756 807 4840 μίν
823 4758 1023 4838 ἀναβαίνειν
1040 4760 1086 4831 είς
1102 4758 1142 4819 τὸ
1160 4761 1245 4844 ἱερὸν
1269 4762 1362 4847 lurp
1382 4762 1479 4845 ἑορτῇ
1496 4758 1598 4844 lesing
1618 4759 1698 4843 pest
1725 4760 1770 4835 εἰς
1793 4762 1855 4823 τὸν
1875 4780 1979 4822 osen·

288 4882 366 4967 pitu,
389 4874 452 4945 τοῦ
473 4884 652 4946 τελιιοοσι
674 4886 755 4955 τέως
777 4882 839 4954 τὴν
859 4883 1056 4966 οἰκονομίαν
1078 4908 1141 4947 τοο
1160 4887 1292 4957 umbone
1313 4886 1422 4946 σίτου
1446 4884 1505 4945 ael
1528 4886 1692 4970 σωτηρίας
1715 4883 1896 4969 μυστήριον
1919 4880 1979 4941 καὶ

287 5006 321 5070 ἐκ
344 4994 462 5095 stupor
482 5010 697 5085 ἀναστῆναι,
719 5008 776 5070 καὶ
793 5010 837 5083 sle
852 5008 915 5071 τὸν
932 5008 1075 5096 οὐρανὸν
1097 5008 1277 5095 ἀναβῆναι.
1299 5000 1407 5072 ἅτινα
1424 5007 1565 5094 ίιιλιίρον
1580 5011 1697 5071 πάντα
1713 4988 1813 5091 ίνίῇ
1830 5004 1900 5086 ἰδίᾳ
1922 5005 1981 5065 αὖ·

289 5142 353 5196 τοῦ
370 5136 572 5249 ι’ξοοοίᾳυοί.
593 5138 738 5223 cajetan.
756 5139 891 5205 tossen.
909 5140 1018 5203 'I'olet
1034 5136 1119 5200 adh.
1136 5138 1159 5201 l.

908 5426 926 5469 v
971 5398 974 5411 .
