4584 5609
1953 426 1982 510 9

1010 604 1144 703 er.

269 733 412 809 Ansam
440 732 532 811 huic
560 735 821 841 disquisitioni
846 739 1035 842 praebent
1061 740 1340 845 disputationes
1362 733 1665 836 duumvirornm'·
1683 743 1983 827 clarissimorum

171 866 207 947 J.
222 872 257 947 J.
273 872 519 992 Griesbaehii
553 895 592 951 et
608 880 641 951 J.
660 880 701 955 L.
718 880 845 983 Hugii¹
867 878 917 955 de
938 896 1140 984 systemate
1163 880 1419 969 recensionis,
1452 898 1496 957 ut
1520 882 1684 971 dicunt,
1715 883 1756 958 in
1782 880 1985 963 codicibus

171 1008 272 1085 Nori
292 1012 539 1091 Testamenti.
591 1014 822 1109 Quaeritur,
848 1042 1038 1119 quaenam
1055 1020 1104 1093 sit
1128 1019 1238 1121 origo
1254 1018 1475 1111 ‘lectionum
1491 1020 1743 1109 variantium,
1767 1046 1985 1123 earumque
2093 1017 2098 1041 '

172 1172 299 1251 genus.
359 1151 405 1223 lu
428 1150 576 1241 diversa
594 1155 742 1229 abeunt
758 1154 1020 1243 eruditorum,
1046 1159 1115 1258 qui
1134 1156 1208 1231 hac
1228 1156 1277 1231 de
1296 1183 1338 1231 re
1359 1168 1542 1259 egerunt,
1566 1158 1787 1233 sententiae.
1837 1158 1984 1250 Quam·

171 1288 227 1361 ris
246 1286 386 1365 crebro
400 1292 472 1365 viri
491 1292 594 1367 docti
617 1293 701 1367 istas
726 1293 980 1383 tradiderint,
1007 1311 1135 1369 tamen
1159 1318 1240 1396 quo
1262 1297 1552 1397 magis'nostrae
1570 1292 1843 1398 disputationis
1866 1320 1983 1371 causa

171 1452 218 1501 eo
241 1446 484 1505 momentum
511 1431 769 1533 intelligatur,
791 1432 903 1534 juvat
922 1412 1053 1539 paucis
1071 1450 1246 1537 repetere
1272 1433 1495 1509 memoriam
1519 1431 1763 1521 studiorum,
1788 1458 1890 1534 quae
1910 1432 1984 1509 cri·

175 1565 240 1641 tiei
262 1563 335 1641 lrac
358 1568 459 1641 inre
483 1586 704 1673 posuerunt.

270 1704 356 1779 Janr
389 1706 481 1781 inde
509 1734 531 1781 a
565 1708 781 1783 restauratis
807 1709 927 1787 literis
954 1738 1033 1787 nou
1061 1712 1275 1793 defuerunt
1298 1714 1425 1808 docti,
1450 1732 1489 1792 et
1511 1741 1582 1793 usu
1602 1742 1733 1791 rerum
1760 1703 1984 1803 criticorum

173 1844 340 1946 praediti
362 1846 455 1927 viri,
479 1848 548 1949 qui
574 1875 731 1925 manum
754 1850 880 1925 'textui
913 1852 953 1924 N.
972 1852 1012 1923 T.
1036 1878 1058 1924 a
1086 1856 1215 1927 naevis
1237 1854 1442 1955 purgando
1472 1851 1741 1928 admoverunt.
1790 1853 1865 1927 Sed
1892 1869 1982 1926 ante

173 1983 366 2071 Mrllium,
406 1986 473 2086 qui
500 1988 675 2059 omniurn
705 1988 853 2089 primus
877 1988 1049 2090 syllogen
1075 1989 1286 2063 lectionum
1311 2014 1357 2064 err
1380 1990 1580 2070 nonnullis
1608 1990 1808 2065 codicibus
1831 1990 1985 2092 graecis,

174 2124 415 2199 versionibus
440 2141 479 2199 et
506 2126 679 2199 Patribus
703 2127 916 2226 congessit,
955 2152 1088 2201 earum
1117 2125 1275 2225 historia
1300 2127 1435 2227 exigui
1466 2127 1653 2203 momenti
1684 2126 1984 2204 existimabatur.

174 2258 347 2345 loannes
372 2263 536 2345 lllillius,
562 2263 729 2337 Joanner
746 2262 916 2339 Jacobus
932 2265 1190 2353 Wetstenius,
1217 2265 1413 2365 multique
1428 2282 1513 2368 post
1527 2290 1594 2349 ‚eos
1611 2265 1662 2341 ob
1680 2262 1922 2366 diligentiam
1941 2264 1985 2339 in

174 2400 363 2475 rimandis
383 2401 582 2475 codicibus
595 2399 952 2503 conquirendisque
973 2402 1209 2484 variantibus
1233 2426 1480 2505 summopere
1498 2401 1685 2478 laudandi
1709 2401 1984 2507 disquirendae

174 2538 386 2617 lectionum
412 2542 550 2643 origini
574 2520 741 2615 multum
758 2565 898 2644 operae
923 2541 1213 2643 impendebant.
1261 2539 1337 2615 Sed
1351 2540 1536 2643 plerique
1553 2540 1804 2641 praecinente
1827 2538 1984 2613 Erasmo

176 2704 273 2755 rana
294 2681 479 2783 opinione
498 2679 548 2755 de
573 2679 770 2755 codicibus
794 2680 1081 2789 latininrntibus
1105 2680 1213 2755 ducti
1237 2677 1356 2753 libros
1375 2676 1656 2781 graecolatinus
1681 2676 1838 2779 penitus
1857 2687 1983 2777 asper·-

178 2823 394 2909 nalrantur,
420 2820 596 2921 aliosque
620 2838 658 2893 et
677 2835 863 2895 vetustate
881 2836 930 2895 ret
950 2819 1186 2922 praestantia
1219 2817 1386 2917 insignes
1420 2840 1497 2889 uno
1526 2794 1615 2889 ium
1637 2813 1878 2889 versionibus
1897 2812 1984 2911 qui·

176 2958 339 3035 busdam
367 2987 389 3037 e
413 2961 577 3063 Vulgata
610 2962 728 3035 latins
759 2960 1010 3063 interpolatos
1036 2984 1115 3034 esse
1139 2957 1404 3039 autumabant.
1459 2956 1662 3057 Bangelius
1684 2954 1831 3058 primus
1858 2971 1985 3030 totum

173 3126 298 3203 genus
315 3100 654 3189 documentorum,
681 3102 883 3202 exquibus
900 3094 1500 3196 variaelectionescolliguntur,
1524 3117 1596 3194 pro
1610 3093 1813 3166 nationum
1832 3093 1984 3165 ratione

142 3258 147 3265 ·
179 3238 474 3313 distrahendum
499 3265 576 3315 esse
605 3240 646 3313 in
667 3240 875 3314 Asiaticum
899 3254 938 3313 et
962 3238 1184 3313 Africanum
1213 3234 1391 3309 evincere
1416 3230 1575 3306 studuit,
1635 3231 1760 3305 Multa
1778 3252 1939 3333 quoque
1960 3254 1984 3302 a

178 3374 332 3453 Joanue
350 3379 560 3457 Salomone
580 3378 773 3465 Semlero,
809 3378 1003 3463 Herberto
1025 3374 1214 3462 Marshio,
1237 3374 1414 3474 Aliisque
1433 3373 1534 3447 berre
1552 3372 1702 3475 prolata
1718 3387 1818 3445 sunt.
1878 3371 1986 3443 luter

61 3513 66 3523 '
102 3567 107 3577 ι
178 3542 311 3615 omnes
331 3538 423 3587 rer-o
445 3513 590 3588 eminet
605 3512 775 3605 loannes
792 3512 959 3590 Jacobus
977 3512 1259 3591 Griesbaclrius.
1316 3518 1402 3617 Ipse
1429 3530 1502 3589 tres
1530 3511 1708 3587 codicum
1742 3512 1985 3587 recensiones

180 3654 379 3767 distinxit,
413 3680 599 3755 easquea
628 3654 851 3757 regionibus
882 3656 943 3729 vel
971 3655 1135 3760 urbibus
1161 3652 1389 3759 capitalibus
1422 3652 1734 3759 provinciarum,
1776 3651 1816 3725 in
1841 3638 2013 3760 ignibus¹
2074 3722 2080 3733 ,

178 3795 296 3896 vulgo
317 3778 626 3895 usurpabantur,
652 3792 972 3883 Alexandrinam,
997 3793 1524 3897 constantinopolitanam-et
1543 3788 1676 3871 Oecidr
1692 3791 1834 3863 rr'taleru
1853 3790 1986 3893 appel-

181 3932 310 4008 lavit·
344 3902 469 4033 dtqrre
488 3934 535 4008 ab
559 3912 631 4008 lrac
656 3934 729 4007 viri
747 3932 987 4008 celeberrimi
1011 3930 1187 4009 doctrina
1211 3948 1372 4035 systema
1395 3914 1630 4005 recensionis
1651 3957 1672 4026 a
1693 3928 1848 4002 Summe
1867 3931 1987 4005 llere-

181 4041 483 4150 rendo·Joanne
515 4070 744 4147 Leoubsrdo
772 4072 901 4174 Hrrgio
926 4060 1119 4177 prolatum
1141 4100 1279 4177 parum
1302 4068 1441 4149 ditiert.
1503 4068 1641 4143 Statuit
1666 4070 1724 4141 vir·
1748 4068 1842 4141 clari
1858 4069 1986 4155 simus,

181 4212 315 4317 primis
333 4208 778 4313 religionis'cbristianae
794 4210 954 4287 saeculis
971 4210 1183 4287 editionem
1203 4212 1396 4313 vulgarem
1419 4204 1502 4301 (τήν
1516 4232 1643 4299 rueres
1664 4208 1830 4295 iudano-l
1853 4206 1893 4280 iu
1915 4232 1988 4283 usu

182 4351 318 4441 luisse,
349 4373 466 4455 quam
490 4376 722 4453 magnopere
744 4370 964 4455 corruptam
989 4349 1182 4425 triumviri
1208 4348 1420 4451 Hesychius
1440 4351 1480 4420 in
1501 4356 1692 4449 Aegppto,
1728 4344 1919 4419 Larianus
1945 4344 1987 4416 in

185 4492 465 4575 Asiamiuore,
501 4455 775 4591 etOrigenes
766 4492 1038 4565 rnPaloestina
1063 4489 1136 4563 sibi
1163 4488 1430 4589 corrigendam
1454 4500 1716 4600 susreperunt.
1753 4529 1796 4543 -
1835 4482 1918 4574 Qu
1912 4505 1988 4576 epa

184 4660 247 4709 me
264 4632 545 4751 observationes
566 4633 722 4707 criticae
744 4652 980 4718 tenuassene
999 4658 1070 4706 nec
1087 4630 1176 4707 satis
1196 4628 1363 4731 dignae,
1382 4653 1481 4732 quar
1497 4640 1607 4727 post
1603 4640 1796 4695 tantorum
1816 4620 1988 4692 virorum

183 4734 308 4847 studia
334 4770 461 4847 luten
485 4767 660 4855 viderur,
687 4746 749 4845 lrrr
767 4799 838 4873 pr
816 4772 1042 4859 oleruntur,
1077 4766 1445 4875 uousuntquidem
1467 4763 1577 4849 tales,
1612 4770 1989 4861 ‘1⁰³0011111WP'2

184 4930 302 5013 atque
326 4913 541 4987 indubitata
567 4914 745 4987 ellit-iant.
807 4910 986 4987 Conahor
1015 4927 1141 5019 tamen
1171 4902 1453 4987 excodieibus,
1487 4896 1771 5007 qrrrslroutrrli,
1803 4911 1921 4993 atque
1941 4920 1989 4968 err
2053 4905 2067 4917 '

64 5114 68 5123 ,
188 5052 245 5128 SS.
272 5055 427 5129 Patruus
452 5070 490 5127 et
510 5048 741 5155 scriptorum
759 5052 1099 5130 ecclesiasticorum
1119 5048 1323 5153 operibus,
1355 5068 1523 5146 quorum
1544 5043 1730 5145 pleraque
1759 5035 1988 5138 perlustravi

1443 5211 1463 5256 2
