4584 5609
1948 366 1999 475 ιι

191 562 275 657 (Gr.
298 572 359 656 aa)
379 580 417 641 et
441 562 513 640 505
541 564 730 641 rarissimo
752 540 922 643 inveniri
946 582 1064 669 atquc
1095 567 1269 673 exempla
1287 541 1465 649 'flexionis
1484 557 1630 709 Acristi
1646 574 1686 651 ιι
1718 590 1757 651 et
1789 572 2006 682 imperfecti

190 708 231 782 in
250 706 383 789 codice
408 704 566 783 Chaud
585 704 805 809 frequentia
827 718 911 785 esse.
938 750 979 765 -
1084 758 1094 767 -

260 888 499 963 Primum
489 888 607 989 igitur
625 888 818 981 arbitror,
852 886 1072 972 uniuersam
1092 889 1403 997 orthographiae
1425 895 1598 973 indolem
1622 896 1698 975 hoc
1715 868 2003 1003 postularesut

187 1024 340 1103 codices
353 1054 514 1131 =graecos
531 1023 977 1137 laudatos'Alerandriae
998 1030 1201 1107 credamus
1223 1058 1301 1107 ease
1315 1034 1483 1136 scriptus
1533 1036 1645 1112 Dein·
1656 1033 1860 1115 fatendum
1876 1066 1921 1117 ac
1937 1011 2006 1116 de·

171 1154 431 1241 'laudandum
454 1166 526 1252 est,
551 1164 754 1270 scriptores
770 1166 809 1239 in
829 1164 902 1243 hac
925 1168 1024 1245 urbe
1044 1168 1224 1275 degentes
1246 1185 1328 1247 no'u
1352 1165 1505 1249 codices
1527 1175 1691 1254 aliarum
1713 1178 1917 1280 regionum
1942 1164 2003 1254 ar·

187 1308 397 1398 cessivisse,
432 1304 500 1381 sed
532 1306 801 1383 Alexandrinis
833 1304 1081 1385 Bibliotheois
1118 1310 1323 1385 uberrimis
1352 1286 1715 1391 sacrandam-inae
1741 1318 2004 1421 suppellectili

187 1444 433 1547 locupletatis
453 1470 538 1521 usos
556 1446 678 1521 luisse.
704 1450 751 1531 At
775 1448 1019 1535 veroPatres,
1042 1472 1140 1549 qnos
1161 1452 1435 1540 recensuimus,
1461 1473 1620 1556 excepto
1635 1456 1801 1531 Eusebio
1821 1476 1861 1530 et
1880 1458 2001 1562 Chry-

185 1602 364 1675 sostomo,
383 1585 444 1661 vel
464 1608 616 1689 semper
634 1585 693 1660 rel
713 1582 783 1688 pe'r
805 1584 1009 1661 maximam
1034 1587 1133 1665 vitae
1153 1604 1304 1689 partem
1322 1592 1363 1663 in
1381 1591 1453 1667 bac
1471 1595 1569 1669 urhe
1589 1592 1872 1670 habitaverunt.
1924 1597 2002 1671 Eu·

183 1722 312 1801 sebius
331 1738 516 1800 autemst
534 1721 827 1829 Chrysostomus
845 1746 917 1883 pro
936 1744 1072 1800 eorum
1096 1726 1139 1799 iu
1159 1725 1369 1830 Origenem
1391 1729 1645 1807 veneratione
1668 1731 1785 1835 hujus
1803 1719 2002 1809 codicibus

184 1862 244 1937 usi
266 1878 370 1940 suot.

120 2040 123 2047 ’
158 2062 160 2065 ·
283 2040 354 2116 llis
374 2038 531 2117 tandem
552 2040 686 2119 lubeat
710 2042 880 2145 adjicere
896 2060 1189 2147 argumentum,
1227 1995 1336 2149 quod
1359 2044 1408 2121 de
1429 2046 1671 2125 versionibus
1696 2046 1914 2124 desumtum
1935 2068 2001 2140 est,
2070 2034 2083 2045 ⁸

184 2196 223 2257 et
253 2180 304 2256 ad
333 2180 590 2295 judicandum
614 2183 780 2258 maxime
810 2182 1021 2286 profuerit,
1056 2211 1147 2261 cnm
1178 2182 1228 2258 de
1257 2183 1490 2259 lectionibus
1519 2186 1754 2286 quibusdam
1782 2190 1999 2289 quaeritur,

184 2318 303 2423 quam
325 2321 400 2397 sibi
424 2322 587 2425 patriam
613 2291 823 2397 vindicent.
856 2364 907 2383 -
948 2322 1011 2398 Da
1037 2320 1213 2424 ceptico·
1198 2320 1472 2426 ·memphitica
1505 2341 1545 2401 et
1577 2304 1798 2419 hasmurlca
1821 2330 2006 2410 versione

182 2470 317 2537 amnes
339 2460 446 2534 nun'c
467 2452 705 2549 fatemur-t),
732 2486 793 2535 eas
810 2486 850 2535 ιιι
873 2478 984 2566 parte
997 2459 1240 2578 potissimum
1263 2458 1448 2537 inferiore
1472 2464 1691 2566 Aegyptam
1712 2488 1796 2540 usu
1809 2481 2000 2541 etaucto-
2041 2520 2056 2535 J

183 2598 295 2677 ritate
308 2598 437 2673 luisse.
484 2596 591 2692 Quid
611 2596 728 2699 igitur
751 2598 964 2699 simplicius
985 2595 1131 2699 quidve
1147 2589 1308 2701 'planius
1332 2573 1610 2689 estsententia,
1646 2626 1710 2677 eas
1729 2627 1776 2677 ex
1798 2603 1998 2681 codicibus

184 2733 440 2837 metropoleos
466 2760 542 2811 esse
569 2733 696 2811 factas.
758 2734 867 2811 Idem
890 2732 939 2809 de
955 2737 1130 2812 versione
1151 2717 1504 2840 captim-sahidica
1534 2738 1576 2811 in
1600 2742 1799 2842 superiore
1824 2744 1995 2844 Aegypto

182 2871 319 2947 usitata
342 2866 552 2949 dicendum
571 2890 633 2949 est
666 2914 716 2931 ·-
749 2870 809 2947 De
833 2866 1009 2948 lersione
1023 2876 1219 2951 armenica
1240 2874 1341 2951 nibil
1363 2893 1536 2970 conant,
1564 2876 1631 2953 secl
1649 2876 1802 2954 creditu
1822 2904 1995 2983 pronum

160 3087 161 3094 ,
182 3027 256 3101 est,
282 2991 477 3115 exemplar
496 3010 709 3089 bibliorum
726 3002 973 3114 graccorum,
999 3010 1108 3114 quod
1125 3013 1387 3093 adolescentes
1404 3016 1574 3091 Armenii
1593 3016 1820 3121 Byzantium
1837 3044 1995 3121 graecae

78 3212 82 3219 .
181 3152 412 3227 eruditionis
432 3134 644 3257 cupiditate
661 3152 824 3257 profecti
845 3152 896 3227 ad
918 3158 1086 3229 Isaacum
1108 3154 1369 3231 Patriarcham
1390 3156 1537 3266 tulere,
1571 3180 1697 3234 unum
1726 3182 1772 3232 ex
1800 3158 1996 3259 quiuqua-
2100 3245 2104 3258 Ι

180 3291 285 3398 ginta
307 3286 610 3423 exemplaribus,
637 3318 737 3395 quae
756 3293 979 3369 Constantio
998 3292 1527 3398 imperanteerAlexandrra
1546 3294 1771 3398 Byzantium
1792 3312 1993 3388 venerant,
2035 3368 2039 3374 ,

179 3428 320 3505 luisse
317 3449 435 3533 atque
457 3435 499 3508 in
519 3433 753 3509 armenicam
774 3432 949 3535 linguam
976 3458 1054 3509 esse
1077 3434 1315 3508 translatum.
1347 3476 1399 3492 -
1434 3433 1514 3509 Nec
1537 3437 1664 3509 miuus
1694 3434 1898 3539 probabile
1925 3450 1994 3527 est,

180 3566 454 3645 Frumentium
486 3572 822 3647 celeberrimum'
811 3599 854 3645 ιιι
884 3570 1088 3676 Aethiopia
1121 3571 1319 3673 religionis
1350 3518 1583 3676 christianae
1610 3570 1918 3675 praedicatorem
1950 3573 2011 3665 in'

179 3731 355 3785 versione
373 3705 590 3811 aethiopica
609 3706 869 3797 conficienda,
908 3708 1189 3785 Alexandrinos
1204 3734 1302 3811 quos
1318 3731 1444 3782 secum
1464 3724 1686 3812 portaterat
1707 3709 1858 3786 codices
1881 3709 1992 3785 adhi·
2027 3708 2032 3724 ’

178 3842 315 3919 buisse.
348 3886 395 3901 -
430 3827 627 3921 Versihnis
653 3844 956 3950 philoxeniauae
983 3873 1005 3921 a
1030 3848 1179 3923 Thomu
1204 3847 1494 3921 Heracleensi'
1482 3876 1523 3920 ιιι
1546 3850 1779 3923 monasterio
1807 3881 1990 3929 narraras

53 4010 68 4028 ²
179 3998 246 4083 (το
268 3996 427 4067 ἔννατον
450 3988 510 4062 vel
528 3990 641 4064 Dan
656 3990 715 4064 al·
729 3986 903 4090 zodjadj)
930 4006 1035 4065 extra
1055 3988 1191 4062 urbem
1216 3984 1488 4059 Alexandriam
1504 4002 1604 4099 sito
1599 3982 1702 4071 lex
1717 3987 1990 4063 Alexandrinis
2055 4090 2059 4096 Ι

178 4125 463 4231 exemplaribus
484 4144 677 4203 correctae
694 4126 845 4203 indoles
868 4127 920 4201 ita
939 4142 1156 4230 comparata
1175 4140 1247 4212 cst,
1282 4138 1328 4198 ut
1347 4124 1516 4242 cpguitin
1543 4122 1625 4225 ejus
1649 4126 1885 4202 conditionis
1911 4130 1990 4230 pri·

178 4263 302 4338 atinae
321 4278 441 4365 atque
466 4262 710 4355 discriminis,
749 4266 991 4369 quod·intor
1011 4282 1224 4365 utrumque
1255 4263 1425 4352 obtinet,
1461 4265 1639 4367 opinioni
1660 4263 1754 4338 huic
1778 4266 1989 4341 maximum

219 4518 256 4605 A)
280 4487 332 4589 ct'
349 4522 569 4587 Eruditissimi
590 4518 731 4590 Etienne
754 4524 976 4620 Quatremdrs
991 4526 1205 4594 Reohorchcs
1220 4524 1382 4611 critiqoes
1404 4537 1438 4589 et
1455 4522 1676 4606 historiques
1684 4543 1742 4586 sur
1763 4525 1793 4586 la
1809 4525 1928 4609 langue
1952 4538 1986 4587 et

298 4648 535 4713 inlitteratum
552 4649 593 4712 de
607 4648 780 4735 t‘ssgypte,
797 4652 895 4779 Paris
919 4653 1007 4769 abab.
1026 4672 1059 4736 p.
1078 4670 1118 4715 aa
1136 4664 1171 4717 st
1191 4667 1249 4733 ¹²⁸7
1264 4650 1402 4725 natta.
1430 4647 1491 4712 ubi
1506 4645 1604 4709 docte
1619 4658 1657 4709 nt
1673 4646 1760 4720 solet
1785 4648 1826 4708 de
1841 4634 1984 4709 dialecto

299 4768 481 4833 hasmnrica
495 4770 637 4836 disserit.

210 4934 256 5024 ⁶6)
280 4934 330 4996 ct
348 4933 390 4995 ds
404 4916 466 4997 hoc
484 4937 686 4999 monasterio
701 4872 835 5003 doctiss.
847 4940 899 5004 Et.
915 4934 1134 5042 Qostrerrdre
1149 4937 1325 5002 Mcmoircs
1345 4934 1569 5034 snr'l'Egypte
1586 4934 1619 4997 1.-
1631 4943 1706 5031 pag}
1720 4932 1783 5008 485
1800 4960 1840 4980 ··
1855 4931 1927 5007 488.
1950 4942 1985 4997 st

304 5056 413 5171 ejusd.
430 5060 672 5131 observatione
689 5042 748 5127 sur
767 5066 926 5153 quelques
945 5065 1058 5150 points
1075 5067 1116 5129 de
1135 5064 1169 5134 ιι
1184 5060 1395 5147 eugraptte
1411 5060 1454 5125 dc
1470 5060 1625 5145 l'Essypta
1639 5080 1674 5142 p·
1689 5057 1743 5121 ὄν.
1776 5117 1782 5133 ‚
1873 5110 1892 5139 .,

345 5170 352 5183 .
805 5198 811 5205 .
1428 5184 1456 5258 6
