4584 5609
1942 418 1999 531 59
2061 451 2068 480 ¹

182 632 242 707 vel
265 624 492 705 octodecim.
558 622 696 701 Omnia
721 618 857 699 eadem
872 644 996 699 manu
1027 594 1194 725 eleganti
1221 636 1260 697 et
1281 614 1487 726 paululum
1516 621 1714 733 festinanti
1739 623 1881 727 scripta
1900 642 2003 719 suns.

182 770 348 875 exceptis
371 767 516 843 notulis
542 762 799 867 quibusdam,
825 788 921 867 qtras
942 761 1123 839 monachi
1149 764 1385 839 recentiores
1418 765 1579 867 margini
1612 767 1751 869 passim
1780 766 2003 847 illeverunt.
2046 817 2050 830 ·

181 919 449 989 Atramentum
468 932 607 1011 parum
634 886 765 981 differt
781 905 824 982 in
845 902 1000 994 codice,
1035 902 1117 1007 ejus
1145 904 1277 1007 nigror
1299 930 1383 980 non
1405 892 1653 980 conservatus
1675 919 1751 993 est,
1786 904 1852 981 sed
1878 906 2001 985 ssavus

181 1053 389 1159 paululum
409 1050 537 1127 evasit.
1238 1034 1242 1043 ⁹
1805 1028 1808 1031 ‚

279 1194 555 1270 characterum
573 1188 788 1265 unciallunr
813 1184 935 1263 lorma
957 1189 1120 1297 aprisca
1144 1188 1212 1263 illa
1236 1204 1275 1263 et
1296 1188 1465 1265 rotunda
1492 1186 1679 1277 deflectit,
1714 1206 1833 1293 atque
1860 1188 2000 1265 oblon-

180 1362 243 1440 ga,
264 1336 317 1409 in
346 1334 523 1439 plurimis
549 1332 696 1437 paginis
720 1329 922 1434 grandior,
958 1330 999 1404 in
1025 1332 1198 1432 margine
1228 1348 1268 1405 et
1296 1331 1338 1404 in
1360 1328 1706 1433 subscriptionibus
1727 1330 2001 1442 paulominus

180 1504 297 1579 qnam
330 1476 373 1551 in
404 1490 510 1549 testu
545 1474 784 1549 observatur.
844 1432 1007 1547 Numeri
1022 1442 1161 1545 ”literis
1186 1469 1392 1573 Alphabeti
1424 1471 1597 1575 expressi
1612 1487 1722 1566 sunt,
1752 1470 2001 1574 iis-exceptis,

181 1617 324 1719 quibus
345 1644 366 1691 a
388 1644 506 1691 manu
527 1615 743 1691 recentiore
759 1613 1083 1716 foliosignantur.
1134 1608 1195 1685 Ad
1223 1610 1456 1711 separandas
1477 1636 1498 1683 a
1517 1636 1557 1685 se
1582 1611 1749 1687 invicem
1773 1636 1885 1685 voccs
1913 1610 2003 1685 nul·

172 1756 259 1856 lum
275 1731 427 1861 sigrium
450 1756 765 1858 adpositumst,
792 1722 831 1827 et
851 1752 1026 1854 singulae
1042 1752 1177 1833 literae
1193 1773 1388 1859 separatae
1410 1774 1447 1831 et
1465 1754 1670 1833 distinctae
1692 1755 1791 1832 adeo
1811 1758 2000 1832 continuo

160 1896 319 1975 'ordine
337 1923 377 1972 se
395 1899 712 1999 subsequuntur,
743 1910 789 1969 ut
804 1892 983 1997 nu‘spiam
1005 1892 1133 1971 divisis
1149 1871 1219 1971 aut
1233 1898 1418 1997 sejunctis
1441 1925 1513 2002 per
1531 1899 1736 1973 intervalla
1758 1899 1917 2007 vocibus
1937 1924 2002 1973 vo·

180 2040 308 2114 cabuli
329 2039 486 2117 initium
504 2056 571 2112 aut
595 2037 681 2113 linis
704 2033 1013 2138 dignoscendus,
1039 2020 1081 2111 et*
1095 2036 1135 2109 iu
1156 2000 1269 2111 sticbi
1289 2037 1366 2111 line
1387 2054 1535 2111 tantum
1551 2039 1717 2140 spatium
1739 2041 1920 2141 exiguum
1941 2064 2001 2113 re·

178 2196 370 2257 servatum
393 2180 449 2255 sit.
500 2176 667 2273 Quaeris
688 2178 813 2264 linea,
837 2177 973 2277 inqua
993 2174 1151 2249 initium
1169 2175 1303 2277 capitis
1323 2174 1478 2277 majonis
1498 2175 1560 2251 vel
1580 2175 1761 2251 sectionis
1778 2176 2000 2251 Ammonia·

178 2344 254 2395 nae
277 2318 466 2403 occurrit,
493 2344 628 2420 magna
644 2316 754 2391 litera
777 2315 916 2389 initiali
937 2330 1043 2389 extra
1063 2314 1206 2389 lineam
1226 2314 1349 2418 posita
1368 2314 1517 2418 incipit.

278 2458 432 2533 Nullam
457 2480 612 2561 prorsus
634 2454 750 2531 babet
776 2453 1148 2559 interpunctionem.
1207 2452 1428 2535 Sticborum
1453 2422 1606 2557 vestigia
1633 2454 1790 2558 punctis
1817 2452 1999 2531 rotundis
2078 2491 2082 2495 -

179 2595 377 2681 mlnotari,
405 2612 487 2669 tum
510 2622 555 2669 ex
573 2621 707 2669 corum
731 2610 977 2698 praepostera
997 2594 1191 2699 positione
1216 2593 1248 2682 ⁷)
1279 2612 1361 2669 tum
1389 2622 1435 2669 ex
1451 2594 1660 2669 collatione
1682 2622 1774 2670 cum
1796 2593 1998 2671 codicibus
2097 2695 2101 2712 Ι

180 2742 368 2841 στιχηραῑς
389 2734 538 2837 scriptis
559 2713 731 2839 apparel.
781 2734 1035 2811 Haecautem
1056 2756 1243 2841 punctae
1266 2738 1427 2815 librario
1452 2764 1565 2842 saepe
1596 2741 1858 2825 omittamus,
1897 2741 1998 2814 sicut

180 2871 227 2971 in,
251 2871 450 2947 codicibus
479 2873 591 2975 regiis
614 2872 720 2964 ΒΗ)
745 2876 801 2949 65.
827 2881 885 2972 94.
916 2876 994 2948 186.
1024 2879 1104 2975 187.
1130 2842 1215 2955 ado.
1242 2880 1324 2975 378.
1351 2881 1434 2983 579Ι
1449 2878 1613 2978 aliisque
1637 2877 1769 2953 multis
1790 2894 1909 2980 atque
1929 2905 1998 2952 an·
2066 2954 2073 2961 ,

162 3024 257 3087 ¹sam
275 3015 518 3116 adoptandae
539 3016 865 3119 interpunctionis
885 3034 1037 3091 nostrae
1057 3016 1279 3120 praebuisse
1295 3014 1490 3093 videntur.
1539 3015 1743 3092 Scribendi
1765 3016 1998 3122 compendia

179 3156 450 3241 cariciacum,
478 3182 579 3257 quae
601 3159 639 3230 in
666 3157 867 3231 codicibus
894 3123 1540 3263 antiquissimisdeprehendimus,
1573 3154 1611 3236 et
1636 3160 1741 3235 linea
1765 3158 1997 3237 horizontali

179 3300 355 3398 superius
372 3318 492 3399 posita
519 3326 539 3371 a
557 3299 682 3400 plenis
701 3299 858 3373 vocibus
882 3298 1199 3404 distinguuntur:

184 3437 334 3537 mm.
369 3438 441 3533 ac
477 3442 539 3529 m
580 3440 650 3526 rc
689 3436 812 3530 aar».
853 3441 1032 3531 omne.
1069 3444 1210 3545 om
1249 3446 1449 3536 armis.
1487 3446 1597 3539 mse.
1635 3449 1766 3552 mm
1802 3413 1992 3537 numos.

178 3588 417 3695 WOE'C.
444 3584 965 3693 ffinomnibuscasibus.
1005 3596 1140 3701 ffl.
1167 3600 1324 3706 liubi,
1350 3602 1450 3694 fHdt·
1498 3572 1719 3719 syllabam
1741 3615 1781 3688 in
1802 3597 1994 3716 particula
2062 3626 2068 3638 ‘

177 3752 241 3823 καὶ
260 3740 488 3841 subjuncto,
517 3740 665 3820 litera²¹
692 3749 734 3823 in
767 3748 845 3824 fine
876 3775 992 3855 supra
1024 3752 1161 3829 addito
1193 3754 1330 3831 calami
1366 3750 1490 3829 ductu
1525 3755 1689 3857 exprimi
1722 3754 1844 3845 solet,
1891 3780 1926 3828 v.
1957 3777 1993 3854 g.

177 3891 229 3987 κζ.
258 3895 393 3965 οιύτω’·ν
417 3892 607 3968 rancori*
632 3905 701 3965 etc.

1017 4134 1052 4227 S.
1104 4135 1134 4205 ὅ.

273 4306 362 4381 Jam
384 4303 432 4381 de
448 4306 732 4413 orthographia
758 4308 947 4412 quaedam
966 4310 1190 4389 delibemus.
1240 4310 1441 4407 Quantum
1465 4306 1580 4389 enim
1596 4312 1664 4387 illa
1692 4309 1744 4387 ad
1766 4309 1910 4389 codicis
1932 4337 1992 4387 ae·

176 4462 292 4525 tatem
315 4466 354 4523 et
382 4450 547 4553 patriam
573 4450 833 4555 indagandam
857 4452 994 4547 saciat,
1034 4453 1134 4530 inter
1159 4451 1332 4527 cruditos
1361 4470 1518 4529 constat.
1590 4451 1826 4557 Apostropbi
1858 4470 1991 4528 notam

219 4718 256 4801 7)
278 4715 311 4778 ir·
327 4662 422 4800 dpgp.
445 4713 484 4791 ἦν
499 4717 517 4776 ὁ
530 4712 638 4801 λόγος.
662 4680 719 4777 aul
736 4717 754 4777 d
772 4716 882 4802 λόγος,
906 4712 944 4793 ἦν
959 4712 1038 4801 πρὸς
1055 4714 1117 4779 τὸν
1132 4713 1223 4781 θεὸν.
1246 4713 1305 4776 καὶ
1319 4713 1408 4805 θεὸς.
1430 4711 1468 4789 ἦν
1485 4668 1614 4798 ὁλόγβς
1637 4730 1700 4781 etc.

216 4888 253 4973 8)
276 4890 386 4952 lnbcc
396 4891 511 4954 codice
521 4891 1032 4977 aliisqaet‘moypnp'nstestantur
1041 4912 1264 4969 apamenos
1278 4892 1380 4955 luisse
1391 4910 1425 4950 ev
1436 4910 1568 4973 στιχοις
1579 4893 1751 4977 scripturn,
1767 4886 1807 4953 cl.
1820 4890 1985 4953 cararum

298 5011 326 5093 ᾗ.
339 5034 367 5091 7.
391 5048 429 5069 -
452 5017 524 5079 Hoc
536 5016 667 5100 quidem
680 5017 903 5083 testimoninm
918 5018 951 5080 in
973 5030 1089 5082 nostro
1106 5016 1222 5080 codice
1238 5017 1339 5080 deest.
1362 5012 1430 5080 Sed
1447 5014 1532 5079 illud
1551 5036 1619 5085 non
1635 5014 1789 5101 impedit,
1810 5013 1987 5097 quominus
2086 5096 2091 5101 .

297 5134 386 5200 idem
403 5150 591 5205 statuamus.

1867 5473 2275 5575 βίᾳ
