4584 5609
300 582 446 661 efferre
462 576 599 658 debeat
616 580 777 687 pondus
837 580 1003 657 Thomas
1022 580 1230 669 nimirum,
1260 597 1308 655 ιιι
1326 604 1396 683 ego
1413 575 1572 683 quilem
1595 592 1711 685 puto,
1747 576 1918 683 primum
1937 577 2118 654 Philoxe-

176 692 179 697 .
302 725 458 797 nianam
483 693 693 795 versionem
713 721 922 822 genuinam
947 748 1035 795 cum
1055 718 1209 817 duobus
1226 718 1397 823 syriacis,
1437 716 1582 795 deinde
1602 742 1692 795 vero
1717 745 1806 793 cum
1833 718 1957 793 tribus
1974 719 2119 823 graecis

302 860 588 967 exemplaribus
614 860 800 946 contulit,
847 877 890 935 ut
927 860 1056 937 ita-et
1082 862 1275 968 cyrineum
1301 857 1572 969 apographum
1604 885 1741 953 suum,
1785 858 1856 935 ubi
1884 886 1983 964 opus
2011 876 2119 949 esset,
2175 896 2179 903 ·

302 999 527 1079 emendaret
544 1018 587 1120 οι
603 998 817 1109 versionem
840 1001 958 1107 ipsam
980 1001 1028 1075 ad
1049 1003 1174 1087 lucem
1190 1003 1315 1104 graeci
1336 1017 1478 1091 textus,
1502 999 1610 1076 unde
1628 1000 1847 1103 prodierat,
1873 1022 2120 1103 recognosces

301 1161 373 1223 ret.
423 1130 636 1245 Utriusque
659 1142 877 1219 collationis
898 1159 1011 1217 notae
1032 1160 1071 1217 et
1091 1140 1237 1216 indicia
1260 1141 1467 1217 senissima
1482 1158 1574 1214 sunt
1596 1158 1678 1214 tum
1696 1154 1833 1249 syrae,
1863 1155 1942 1225 turn
1961 1164 2120 1243 graecae

303 1300 434 1359 voces:
467 1280 674 1395 illaequne
688 1279 740 1357 ad
757 1278 895 1355 menda
917 1298 955 1355 et
975 1282 1163 1357 variantes
1182 1281 1366 1357 lectiones
1388 1279 1560 1399 syriacae
1586 1279 1770 1355 versionis
1793 1262 1988 1382 qsectant}
2026 1282 2118 1355 istae

305 1444 406 1525 quae
429 1424 594 1523 margini
613 1423 807 1524 inspersae
828 1422 1024 1499 translatas
1043 1423 1206 1522 syriacas
1230 1419 1504 1523 quadantenus
1521 1421 1738 1523 suplicans,
1763 1444 1906 1521 easque
1922 1419 1972 1495 ad
1990 1422 2118 1524 graeci
2183 1514 2186 1517 ⁴

307 1576 432 1637 textus
460 1560 650 1662 originem
684 1534 866 1655 revocure
898 1558 1094 1635 videntur.
1123 1604 1176 1617 -
1206 1561 1276 1637 His
1309 1560 1467 1637 tandem
1494 1562 1688 1637 accedunt
1719 1562 1747 1637 ii
1777 1561 1929 1637 codices
1960 1538 2135 1655 arabici,-

180 1706 183 1713 '
235 1684 243 1699 ¹
279 1732 284 1742 ·
306 1728 404 1807 quos
424 1722 471 1777 οι
489 1700 632 1803 graecis
646 1684 810 1801 aliisque
827 1696 1116 1801 exemplaribus
1128 1699 1320 1803 Josepbus
1341 1704 1503 1805 quidam
1523 1700 1690 1779 describi
1709 1702 1871 1806 jubebat
1887 1708 1924 1797 §.
1944 1712 1987 1800 4,
2021 1728 2120 1808 quo·

306 1866 443 1917 rumve
458 1842 622 1945 patriam
646 1838 914 1915 Alexandriam
934 1864 1034 1927 esse,
1059 1867 1174 1943 supra
1195 1841 1551 1919 demonstravimus.

339 1978 479 2055 Sed
499 1979 572 2053 hac
592 1981 786 2053 sententia
812 1979 859 2053 da
878 1955 1059 2053 natalitiis
1077 1976 1215 2062 harum
1236 1965 1448 2055 lectionum
1470 1980 1640 2085 exposita
1666 1999 1707 2056 et
1724 1980 2027 2058 luculentissime
2053 1924 2121 2057 de·

238 2161 241 2171 2
308 2136 517 2199 monstrata
549 2118 789 2223 relinquitur
821 2145 900 2193 non
932 2144 1009 2193 una
1037 2116 1277 2194 difficultas
1266 2148 1308 2195 ιιι
1330 2120 1449 2209 altera
1471 2127 1700 2223 quaestione
1728 2118 1778 2195 de
1796 2122 2039 2228 regionibus
2076 2123 2120 2197 in

308 2261 452 2365 quibus
474 2260 537 2335 luc
561 2275 684 2333 textus
711 2274 887 2360 receptus
913 2256 999 2333 tuit.
1060 2219 1149 2330 Jain
1164 2208 1254 2330 nois
1277 2261 1433 2359 ignoro
1466 2258 1506 2331 in
1535 2276 1644 2361 parte
1669 2258 1932 2363 haudexigua
1957 2223 2120 2334 Patriae·

176 2435 186 2461 ι
309 2401 444 2477 chatus
470 2365 719 2477 Alexandrini
736 2398 853 2501 Lybia
876 2396 1115 2499 potissimum
1140 2398 1325 2472 inferiore
1353 2417 1390 2471 et
1404 2394 1604 2473 Thebaide
1619 2400 1822 2503 superiore
1841 2398 1993 2475 codices
2014 2395 2122 2473 fami·

308 2540 385 2617 liae
404 2536 656 2617 occidentalis
676 2564 764 2613 cum
783 2536 847 2611 illa
865 2552 1049 2639 cognatae
1073 2537 1113 2611 in
1130 2565 1206 2623 nusu
1222 2537 1350 2613 fuisse.
1407 2534 1477 2612 Sed
1500 2536 1539 2609 in
1562 2535 1686 2610 dubio
1706 2538 1877 2639 relinqui
1899 2537 2036 2626 debet,
2070 2534 2123 2617 ιἰιι

309 2681 569 2760 invalescente
596 2678 838 2785 l’atriarchae
863 2672 1050 2783 potestate
1079 2678 1293 2753 aboleverit
1317 2703 1408 2755 usus
1436 2704 1518 2753 non
1540 2679 1673 2753 solum·
1694 2676 1873 2754 codicum
1897 2677 2127 2782 graecorum

309 2820 489 2909 illorum,
515 2846 650 2897 verum
670 2821 785 2896 etiam
802 2820 988 2895 versionis
1005 2817 1213 2894 sahidicae.
1274 2816 1390 2915 Quod
1413 2836 1545 2895 autem
1566 2819 1608 2892 in
1631 2818 1791 2921 reliquis
1812 2822 1994 2919 omnibus
2016 2822 2123 2895 dioe2

310 2960 460 3035 cesibus
476 2957 535 3033 vel
553 2956 705 3039 codices
721 2936 846 3065 graeci
868 2958 930 3033 vel
946 2959 1138 3033 versiones
1157 2959 1358 3061 Copticoe,
1383 2956 1655 3059 Aeqbiopicam
1682 2955 1864 3029 Arabicae
1881 2973 1999 3059 atque
2013 2956 2124 3051 aliae,
2240 2944 2243 2949 ¹

248 3156 256 3178 ι
311 3122 406 3199 quas
426 3123 506 3175 non
531 3100 727 3189 novimus,
755 3114 899 3190 textum
921 3098 1227 3173 Alexandrinum
1248 3098 1516 3193 exhibuerint,
1551 3126 1665 3175 nomo
1687 3099 1836 3175 inficias
1861 3099 1950 3188 ibit,
1986 3102 2123 3205 quiin

310 3234 472 3324 borum,
497 3262 606 3338 quae
620 3254 847 3343 supersunt,
873 3236 1199 3315 documentorum
1218 3204 1392 3317 indolem
1418 3240 1582 3343 seposito
1603 3240 1710 3314 omni
1728 3240 1904 3342 partium
1917 3238 2047 3317 studio
2066 3266 2126 3318 so-

165 3342 187 3469 l,
309 3370 427 3479 laque
456 3372 802 3481 babitus-genuini
838 3346 1004 3480 vestigia⁵
1024 3374 1295 3483 persequendo
1326 3379 1619 3479 investigaverit.
1680 3377 1872 3482 Sed-cum
1903 3393 1961 3452 tot
1992 3376 2125 3483 adbuc

245 3562 248 3569 ·
309 3516 407 3603 sint,
441 3542 544 3621 quae
565 3516 741 3591 tenebras
762 3514 1003 3593 obtuderunt
1023 3518 1112 3605 viris
1133 3520 1290 3621 liuguae
1307 3519 1482 3623 copticae
1498 3486 1544 3592 ¹et
1562 3517 1802 3623 aethiopicae
1824 3491 1956 3623 peritis
1980 3518 2020 3591 io
2041 3515 2124 3595 ult·

267 3754 269 3761 Ι
311 3634 420 3730 done
447 3678 583 3732 earum
614 3657 747 3731 critica
775 3656 969 3760 paranda,
998 3682 1070 3735 nec
1095 3676 1140 3733 ut
1160 3676 1290 3733 nostra
1312 3656 1388 3731 fert
1415 3655 1572 3759 opinio,
1606 3658 1814 3738 consistere
1836 3674 1965 3763 potest
1992 3674 2126 3744 textus,

311 3820 430 3901 quem
449 3796 617 3875 editores
643 3798 865 3875 exhibuere.
912 3798 1020 3903 Haec
1042 3798 1170 3875 obiter
1189 3814 1343 3875 tantum
1364 3796 1537 3901 attegisse
1559 3814 1616 3873 sat
1631 3816 1696 3873 est.
1732 3817 1759 3842 ·
2079 3764 2086 3775 .

1063 4026 1098 4171 J
1135 4038 1172 4134 s·
1228 4040 1281 4132 ιι.

414 4210 537 4313 longi
559 4208 700 4286 luimus
719 4210 760 4285 in
782 4233 824 4285 ea
847 4228 1018 4315 quaeest
1036 4212 1086 4289 de
1103 4214 1258 4291 familiis
1280 4214 1513 4321 aegyptiacis
1535 4214 1807 4320 disputationis
1828 4232 1949 4320 parte,
1995 4214 2125 4314 ¹Nobis

315 4348 420 4425 enim
443 4350 562 4453 magis
588 4350 800 4426 necessaria
828 4354 906 4429 visa
932 4370 988 4427 est
1015 4354 1241 4457 diligentior
1262 4352 1381 4456 hujus
1403 4357 1459 4430 rei
1491 4358 1684 4443 tractatio,
1715 4359 1824 4458 qnod
1845 4327 1921 4430 in
1907 4380 1950 4429 ea
1974 4311 2124 4455 potissi·

251 4464 254 4471 .
313 4510 422 4563 mem
436 4489 565 4563 omnis
583 4486 633 4564 de
655 4488 836 4567 coelicum
856 4492 1110 4597 conspuant
1127 4495 1320 4571 sententia
1344 4494 1579 4598 perspicitur
1600 4511 1642 4571 et
1661 4495 1884 4581 illustratur.

287 4626 290 4633 ’
411 4623 517 4701 ·'Sed
507 4650 586 4728 qam
605 4630 809 4705 strumus
827 4630 877 4703 ad
894 4649 1052 4707 muers
1063 4632 1264 4708 institutae
1277 4632 1570 4737 disputationis,
1594 4630 1647 4708 ad
1660 4627 2004 4779 familiamseilicot
2021 4584 2125 4773 Asia-

317 4766 433 4843 ticam
453 4782 493 4842 et
511 4767 764 4869 Byzantinam,
813 4770 880 4845 sd
893 4772 1063 4874 priorem
1086 4771 1281 4855 refertur.

419 4908 507 5012 lleg.
526 4904 573 4985 53
606 4923 777 5010 quatuor
795 4903 1002 5017 Euangelia
1026 4942 1119 4989 οιιιιι
1139 4913 1344 5018 synnusia
1364 4930 1403 4989 et
1426 4871 1773 5017 menologiooont
1797 4937 1821 4987 a
1845 4910 2010 4989 Daniele
2030 4931 2127 5018 qaae-
2175 4970 2180 4993 .

315 5042 472 5121 damin
487 5051 724 5125 monasterio
746 5054 887 5127 montis
907 5056 1007 5131 ascri
1023 5080 1075 5133 ex
1092 5054 1297 5163 codicibus
1321 5054 1688 5171 hierosolymitanis
1704 5052 1936 5131 Munus
1956 5046 2023 5129 sed
2043 5071 2127 5125 cor·

2222 5040 2231 5079 l
