4584 5609
1931 367 2038 477 ιδ’

168 620 262 707 aute
280 618 422 707 etpost
441 582 687 705 Pamphilum
704 614 743 677 ct
759 598 970 679 Eusebium
989 597 1038 675 ab
1059 596 1229 675 ecelesiis
1249 596 1495 678 Palaestinae
1513 603 1555 678 in
1576 603 1671 681 locis
1694 601 1823 680 dubiis
1846 630 1988 689 consu·
2086 612 2105 662 's

172 726 381 833 lerentur..
396 743 459 819 rel
479 769 525 819 ex
546 742 788 846 Hieronymo
811 738 839 832 ²)
863 738 1038 815 vel-inde
1061 738 1205 842 conjici
1227 757 1373 845 potest,
1402 741 1511 848 quod
1534 740 1750 819 Alexander
1771 740 1922 820 Hieros.
1948 761 1988 819 et

170 878 413 956 Theoctistus
431 878 667 955 Caesareana.
688 880 889 984 episcopus
907 878 1087 954 omuibus
1108 875 1191 978 ejus
1211 877 1414 956 laboribus
1429 880 1646 985 plurimum
1665 883 1842 957 faverent
1862 898 1900 957 et
1923 908 1986 959 eo·

171 1048 262 1097 rum
288 1018 497 1124 praecipue
516 1020 688 1122 impulsu
706 1020 755 1095 ab
777 1043 824 1097 ec
843 1020 1008 1124 suscepti
1030 1014 1249 1097 videantur.

275 1207 452 1281 Proxime
477 1206 729 1308 subsequenti
754 1220 877 1283 aetate
901 1206 1025 1283 simile
1049 1204 1224 1284 studium
1249 1208 1465 1286 Lucianum
1488 1210 1701 1313 Martyrem
1721 1204 1985 1289 Antiochense
2025 1312 2029 1325 Ι

172 1348 354 1426 ecclesiae
380 1348 648 1453 presbyterum
679 1365 718 1423 et
745 1345 1219 1453 HesychiumaMartyrem
1238 1324 1475 1451 'episcopum
1506 1351 1780 1452 Aegyptiarum
1805 1352 1849 1426 in
1875 1352 1984 1427 libris

170 1489 216 1565 tt.
233 1490 275 1564 Τ.
297 1470 489 1593 posuisse,
513 1512 559 1562 ex
578 1486 716 1561 eodem
742 1488 984 1591 Hieronymo
1005 1484 1035 1577 3)
1062 1488 1253 1566 novimus.
1304 1490 1455 1563 Verum
1485 1488 1575 1565 oum
1610 1488 1659 1565 de
1687 1490 1830 1567 horum
1862 1489 1986 1569 homi·

40 1656 45 1665 ·
171 1638 268 1703 nut'u
288 1618 404 1732 opera
425 1627 614 1732 pleraque
634 1626 763 1729 ignota
786 1624 861 1717 sint
873 1677 885 1713 ,
919 1645 981 1697 res
1003 1620 1052 1699 ab
1077 1622 1229 1727 integro
1245 1624 1349 1700 'mihi
1374 1625 1581 1703 videbatur
1600 1628 1848 1731 inquirenda.
1908 1632 1987 1709 Ob·

92 1798 95 1805 ’
172 1768 320 1846 servavi
346 1767 485 1871 igitur,
511 1766 693 1841 omnibus
716 1761 891 1875 Eusebii‚
914 1760 947 1835 S.
965 1754 1245 1869 Cbrysostomi‚
1271 1765 1304 1841 S.
1323 1762 1541 1879 Athanasii,
1568 1768 1600 1843 S.
1624 1749 1855 1873 Hieronymi
1869 1789 1880 1860 3
1909 1773 1987 1848 ttu-

169 1894 261 2001 fini,
286 1884 469 1999 Socratis,
494 1908 715 1999 sozomeni,
742 1904 1021 2009 S.Epiphanii‚
1046 1892 1307 1990 Theodoreti,
1326 1901 1488 1992 Suidae,
1515 1902 1732 2006 Pbilostor⁰
1711 1906 1986 2009 gii,Cbronici

170 2050 424 2151 Alexandrini
446 2048 693 2149 aliorumque
714 2044 764 2119 de
782 2044 956 2118 Lucieno
974 2060 1091 2143 atque
1108 2042 1285 2131 Eusebii,
1309 2044 1343 2117 S.
1360 2042 1612 2147 Hieronymi,
1638 2043 1801 2119 Joanuis
1822 2046 1986 2122 Malnlae

169 2193 219 2271 de
248 2192 443 2294 Ilesyebio
474 2190 589 2265 locis
597 2188 804 2291 diligenter
836 2182 1035 2309 pensitatis
1066 2178 1115 2257 de'
1142 2204 1279 2253 eorum
1308 2206 1426 2282 opera
1457 2182 1559 2257 intt.
1573 2185 1630 2258 T.
1635 2184 1822 2261 collocata
1848 2187 1986 2289 utique
2036 2188 2040 2199 '
2078 2292 2085 2298 ᾗ

169 2298 428 2440 probabiliter
450 2322 640 2429 disputari
659 2349 791 2428 posse
816 2304 884 2398 sed
904 2348 986 2397 non
1007 2348 1135 2395 nunus
1155 2323 1361 2424 probabile
1381 2324 1529 2417 mdert
1556 2354 1691 2405 eorum
1712 2330 1864 2411 codices
1881 2330 1986 2408 adem
2083 2354 2095 2359 ·

170 2470 279 2576 quod
297 2471 477 2577 plerique
494 2470 560 2545 atii
583 2470 705 2544 latum
725 2482 900 2571 expertos
917 2464 1030 2539 fuisse
1053 2456 1098 2553 ⁴).

186 2748 189 2753 λ
271 2659 418 2739 Eadem
445 2662 507 2737 ria
527 2658 708 2737 incedere
729 2659 764 2737 S.
781 2657 1071 2760 Chrysostcmus
1090 2671 1130 2731 et
1151 2653 1330 2758 Isidorus.
1389 2656 1460 2760 His
1488 2636 1735 2774 adjungimus
1758 2658 1986 2738 Euthalium

216 2942 251 3027 a)
273 2942 314 3005 sd
332 2940 446 3007 ldattb.
463 2938 596 3017 xxtv.
617 2890 672 3003 ass
690 2914 727 3003 T.
748 2936 805 3005 tv.
826 2958 858 3022 p.
880 2936 947 3003 uo.
970 2933 1068 2999 dicits
1100 2934 1182 3015 illud
1203 2958 1342 3022 „neque
1356 2935 1470 3001 iilius“
1490 2938 1524 3001 in
1541 2938 1669 3027 graecis
1688 2952 1722 3004 et
1742 2940 1882 3027 maxime
1898 2940 1985 3005 Ada-
2090 2902 2096 2910 -

180 3088 184 3097 ’
293 3064 406 3129 mantii
423 3078 457 3128 et
472 3062 575 3127 Pierii
592 3061 837 3147 exemplaribus
855 3082 922 3125 non
938 3059 1082 3165 haberis
1110 3060 1162 3123 Ad
1176 3061 1247 3124 Gal.
1269 3064 1336 3150 lll,
1363 3087 1388 3126 ι.
1411 3064 1450 3126 Τ.
1467 3062 1525 3165 lV.
1547 3086 1581 3147 p.
1603 3072 1685 3143 also:
1707 3064 1831 3149 legitur
1852 3064 1886 3127 in
1912 3065 1985 3150 qoi-
2121 3065 2125 3072 “

294 3188 434 3253 busdam
451 3187 644 3252 codicibusa
675 3188 747 3272 quis
770 3206 831 3249 nos
850 3186 1025 3250 fascinavit
1049 3207 1116 3253 nort
1135 3185 1278 3253 credere
1294 3188 1453 3255 veritati?
1503 3190 1570 3253 Sed
1590 3187 1655 3252 boc
1674 3188 1801 3275 quinio
1821 3190 1984 3275 exempla·
2044 3202 2049 3213 ’

298 3316 393 3379 ribus
414 3314 602 3420 adamantii
621 3334 688 3377 non
710 3312 853 3395 habetur
874 3312 1051 3377 omisimus.

211 3479 246 3563 3)
271 3481 350 3561 „De
368 3482 466 3543 Novo
489 3499 578 3542 nuno
596 3434 948 3563 loquor'Tastamento
971 3519 979 3537 .
1001 3520 1010 3539 .
1032 3520 1040 3537 .
1062 3518 1071 3536 .
1094 3472 1359 3553 boccertecum
1377 3472 1544 3538 innostro
1563 3496 1718 3542 sermone
1737 3477 1922 3560 discordat,
1951 3492 1986 3543 et
2030 3520 2037 3531 ·

292 3606 327 3665 in
347 3604 497 3667 diversos
518 3604 707 3668 rtrnlorum
723 3601 872 3663 tramites
889 3598 998 3675 ducat,
1031 3619 1098 3661 uno
1117 3596 1527 3705 defcctaquaerendum.
1578 3601 1814 3664 Praetermitto
1845 3622 1903 3672 eos
1927 3622 1984 3665 co-

276 3726 407 3827 dices,
438 3722 1385 3811 quosaLucianoetHesycbionuncupatospaucorum
1404 3720 1885 3806 bominumasseritperversa
1904 3745 1983 3787 con·
2065 3737 2072 3758 ”

294 3850 422 3927 tentio,
444 3852 563 3934 quibus
581 3850 701 3933 ulique
714 3868 777 3912 nec
800 3848 833 3909 in
853 3860 926 3911 toto
947 3846 1053 3911 veleri
1071 3846 1290 3908 instrumento
1317 3858 1394 3927 post
1415 3846 1624 3931 septuaginta
1647 3847 1851 3931 interpretes
1873 3835 1984 3911 ensen-

296 3974 377 4037 dare
396 3970 476 4056 quid
494 3974 608 4051 licuit,
637 3974 751 4037 necin
770 3966 1012 4055 Novoproi'uit
1033 3970 1245 4045 emendasse,
1273 3988 1346 4031 cum
1371 3971 1548 4060 multarum
1571 3971 1717 4056 gentium
1740 3971 1859 4057 linguis
1879 3972 1983 4058 scrip-

296 4088 462 4160 tora'ante
481 4097 637 4160 translata
654 4098 794 4171 doceat,
815 4093 898 4157 falsa
918 4114 1013 4179 esse,
1034 4112 1117 4178 quae
1140 4093 1250 4155 addita
1271 4094 1388 4156 sunt.“
1438 4093 1577 4157 Hieron.
1594 4095 1698 4178 Epist.
1722 4094 1762 4157 ad
1780 4096 1909 4158 Damas.
1938 4095 1985 4159 cf.

288 4216 441 4283 Fabricii
459 4210 546 4281 Bibl.
561 4240 610 4303 gr.
633 4221 683 4282 cd.
697 4221 829 4281 Harles.
843 4210 927 4295 ,Vtt
950 4240 982 4303 p.
1000 4220 1059 4284 305
1075 4241 1123 4303 sq.

212 4386 248 4469 ΙΙ)
270 4386 409 4449 Hieron.
429 4384 549 4469 Script.
570 4384 689 4449 eccles.
710 4382 876 4452 uxxt’tt.
901 4381 980 4446 dicit
1000 4404 1107 4467 usque
1127 4402 1215 4448 nuno
1237 4386 1405 4470 (tempora
1424 4386 1581 4479 llicron.)
1604 4384 1762 4469 quaedam
1782 4384 1984 4468 exemplaria

193 4508 198 4513 ’
297 4498 540 4593 scripturarum
564 4509 728 4571 Lucianea
747 4510 943 4593 nuncupari.
967 4541 1003 4553 -
1028 4494 1187 4576 Scholion
1204 4511 1333 4573 Codicis
1355 4510 1411 4585 45·
1435 4510 1508 4572 solii
1529 4528 1583 4587 a7a
1604 4508 1742 4591 margini
1758 4512 1892 4571 saeculo
1907 4508 1980 4573 XV.

295 4632 494 4717 adscriptum
512 4633 553 4696 ad
569 4630 689 4695 tustini
710 4633 811 4713 λόγον
828 4629 1071 4716 παραινετιιιὸιι
1089 4634 1171 4716 πρὸς
1199 4628 1335 4705 illusae
1359 4656 1387 4698 c.
1409 4636 1453 4699 13.
1475 4648 1601 4717 septem
1619 4632 1774 4701 reserens⁴
1788 4653 1855 4692 των
1873 4627 1890 4689 ό
1907 4652 1981 4694 ver.

287 4755 402 4820 aiones
419 4760 557 4841 praetor
574 4755 634 4817 alia
654 4776 673 4816 a
693 4746 1036 4844 ungaribus-diversa
1060 4757 1139 4820 baec
1155 4756 1277 4819 bobeta
1311 4756 1432 4838 ἑβδόμη
1461 4758 1477 4828 ἡ
1506 4759 1569 4814 τοῦ
1586 4748 1689 4837 oi'ysoo
1711 4758 1891 4815 λουκιαιόυ
1918 4773 1981 4811 του

295 4878 609 4959 populandosque&
629 4877 687 4937 καὶ
704 4878 869 4963 μάρτυρος
892 4877 1067 4962 εὑρεθεῖσα
1086 4878 1172 4961 μετὰ
1187 4880 1247 4953 τὴν
1263 4876 1410 4951 ἄθλησιν
1431 4878 1539 4938 αὐτοῦ
1560 4876 1733 4963 ἰδιόχειρος
1754 4878 1788 4940 tv,
1806 4872 1982 4958 ιικομηδίᾳ

283 5000 350 5063 'lat
375 5005 630 5067 κωνσταιιτίνου
653 5002 748 5090 παρὰ
769 5002 939 5079 leudoricus
962 5005 997 5069 ἐν
1019 5005 1192 5091 mupyioatp
1212 5015 1444 5087 κεκονιαμένῳ.
1496 5004 1549 5067 An
1574 5002 1645 5086 ejus
1668 4988 1818 5065 recensio
1836 5002 1874 5063 N.
1890 5001 1927 5068 Τ.
1950 5000 1983 5076 ci

295 5128 447 5213 adjuncta
464 5132 585 5215 luerit,
603 5154 673 5197 ,non
690 5144 792 5218 patet.
