4584 5609
155 334 338 465 'ss

284 605 321 675 οἱ
347 603 552 704 eopiosior
577 605 669 694 post·
685 600 722 667 οἱ
742 596 948 698 ἀρχιιςιεῖς,
987 588 1033 684 47
1058 591 1128 701 ικαὶ
1152 600 1242 660 ante
1260 592 1310 688 psi
1335 584 1536 704 posuisse„
1555 586 1603 681 45
1625 596 1783 678 ἐκεῖνοι,
1818 587 1865 679 48
1888 596 1928 663 ἐκ
1943 612 1999 689 sq.
2014 598 2096 667 τῶν

182 763 189 774 ·
285 742 371 843 spx.
399 728 591 820 omisisse,
610 739 657 824 4ο
679 730 860 805 claritatis
881 756 992 803 causa
1013 746 1099 830 post
1115 738 1228 830 λόγον
1241 751 1464 833 pronomen
1484 740 1609 810 αὐτοῦ
1628 730 1871 850 ιιιιιιιιιςίιιο
1892 729 1932 803 in
1946 716 2095 803 ‘textum

194 902 198 909 ’
285 872 508 966 admisisse·

315 1104 320 1113 ,
384 1009 459 1087 Sed
478 1004 673 1111 quidquid
694 1006 742 1080 de
757 1007 887 1109 ¹pretio
901 1004 1040 1081 barum
1065 1006 1278 1111 lectionum
1300 1024 1518 1096 statuatur,
1544 1004 1643 1081 illud
1665 1023 1794 1081 tamen
1814 1002 1992 1082 utilitatis
2006 1003 2099 1078 inde

205 1174 210 1187 ·
285 1150 449 1254 petitur,
477 1145 587 1249 quod
606 1146 785 1223 historiae
803 1162 942 1221 textus
940 1116 1231 1221 illustrandae
1221 1148 1440 1222 inserviant.
1490 1146 1555 1257 Ne
1585 1112 1678 1221 vero
1708 1147 1796 1247 quis
1825 1144 2015 1219 existimet
2041 1143 2102 1218 his

198 1322 208 1329 ·
287 1286 619 1390 codicispretium
642 1285 854 1373 infirmari,
881 1286 1103 1361 tenendum
1130 1302 1207 1361 est:
1240 1291 1383 1389 paucas
1406 1310 1467 1361 eas
1490 1310 1567 1361 esse
1595 1266 1780 1412 numere,
1813 1281 2065 1414 multasque
2055 1308 2099 1355 sn

289 1425 489 1502 codicibus
511 1426 656 1529 graecis
678 1451 758 1499 non
782 1424 1078 1501 contemnendis
1107 1442 1146 1499 et
1177 1427 1418 1503 versionibus
1446 1410 1618 1527 antiquis
1651 1422 1832 1499 inveniri.
1878 1442 1960 1525 vg
1986 1423 2101 1495 Certo

224 1638 227 1645 .
290 1594 372 1643 non
394 1565 637 1657 defendimus
660 1591 695 1638 v.
721 1591 759 1637 ra
784 1540 1014 1639 lectionem
1007 1574 1115 1665 ουχι
1142 1572 1269 1657 ἀλλὰ,
1296 1592 1369 1641 nec
1386 1566 1692 1664 additamentum
1711 1560 1815 1648 illud
1834 1588 1883 1636 so
1899 1564 2104 1669 ἀτεκριθη

291 1740 366 1786 σαν
381 1714 420 1783 οἱ
440 1674 608 1791 invictos
632 1700 748 1781 καὶ
714 1732 821 1779 scaev
846 1710 973 1803 adep,
1000 1700 1068 1777 sed
1074 1722 1297 1807 utrumque
1316 1732 1393 1786 esse
1413 1707 1614 1809 antiquam
1638 1704 1700 1781 vel
1724 1702 1817 1779 inde
1834 1718 1959 1809 petet,
1993 1700 2104 1805 quod

264 1919 268 1927 .
290 1874 401 1951 prior
421 1849 463 1924 in
476 1830 616 1925 codice
635 1848 687 1935 T,
720 1848 911 1959 posterior
936 1848 976 1921 in
1006 1848 1177 1952 margine
1206 1839 1392 1925 versionis
1417 1844 1718 1923 Philoxenianae
1746 1842 1971 1947 reperiatur.
2022 1842 2105 1917 Nec

269 2014 409 2093 ‘matus
428 2014 577 2063 cansam
597 1988 775 2066 lectionis
794 1988 879 2065 36
901 1986 1077 2085 λογος
1029 2018 1168 2082 ουτος,
1204 1992 1293 2087 59*
1274 2014 1386 2092 opro
1406 1998 1471 2080 ost
1505 1988 1554 2086 39
1571 2010 1785 2060 omissionis
1805 1988 2065 2062 voveante
2053 2015 2105 2071 ιη

241 2220 244 2227 Δ
292 2159 406 2217 trove,
440 2132 486 2225 47
508 2157 580 2204 του
601 2134 754 2219 αὐτοῖς,
787 2125 834 2199 50
858 2124 916 2198 lec
921 2126 1050 2198 tionis
1066 2134 1158 2233 πρὸς
1187 2134 1470 2218 adreverenter
1497 2153 1630 2230 gerere
1659 2125 1848 2218 velimus,
1883 2125 1950 2199 etsi
1979 2125 2107 2227 prima

294 2252 473 2341 codicum
496 2264 596 2337 BDL
624 2292 650 2337 ι.
672 2232 730 2336 33.
748 2268 808 2357 44.
824 2266 881 2361 69.
901 2262 1104 2337 Matthaeii
1127 2292 1156 2338 r.
1179 2292 1231 2339 ιι.
1262 2267 1512 2341 ct'versionis
1535 2263 1773 2350 armenicae,
1806 2261 1976 2339 secunda
2000 2249 2117 2337 codi-¹

177 2482 181 2489 ,
293 2434 382 2502 eum
402 2402 570 2477 BEMSV
592 2386 843 2505 'aiiorumque
863 2403 997 2506 viginti
1023 2422 1063 2507 et
1080 2388 1384 2517 Theophylacti,
1411 2407 1522 2480 tertia
1543 2405 1724 2496 codicum
1745 2405 1869 2481 DTM.
1891 2432 1951 2482 ιιι,
1968 2408 2026 2477 33.
2054 2429 2108 2500 ¹7·

294 2544 433 2639 2435.
456 2546 537 2617 218.
564 2541 761 2629 ttsss11v‚
797 2541 993 2644 Origenis,
1018 2520 1178 2645 Cydni,
1204 2542 1479 2650 Chrysestomi,
1503 2545 1807 2653 Theophylacti,
1840 2563 1977 2648 quarta
2001 2544 2109 2619 codi-

182 2750 187 2761 ,
296 2714 386 2763 cum
407 2686 444 2769 Β,
462 2688 520 2783 69.
539 2686 610 2785 255
628 2684 694 2760 Ev.
715 2686 762 2759 35
784 2686 968 2761 versionis
985 2686 1204 2760 armenicae
1218 2686 1416 2762 mendicis
1434 2684 1547 2760 latini
1560 2653 1757 2778 fossensis,
1781 2686 1920 2788 quinta
1934 2684 2108 2787 denique

229 2828 232 2837 “
296 2822 477 2899 codic'um
503 2826 583 2899 131.
591 2824 683 2921 157
703 2850 777 2897 220
797 2840 835 2897 et
852 2823 964 2898 taum
985 2813 1192 2912 brixensis,
1217 2824 1374 2928 forojul.
1390 2827 1593 2901 etiossens
1609 2808 1798 2902 consensu
1817 2826 2003 2902 tirmetur
2028 2822 2109 2919 Qui
2204 2834 2210 2844 ’
2275 2813 2276 2834 ’

297 2963 416 3087 igitur
435 2962 504 3039 hes
522 2965 571 3039 ob
596 2964 782 3038 lectiones
803 2962 977 3059 codicem
1006 2962 1211 3067 objurgare
1235 2965 1372 3052 vellet,
1408 2965 1523 3040 tacite
1551 2962 1680 3055 videt,
1712 2962 1786 3039 sibi
1813 2989 1895 3039 rem
1924 2971 2109 3041 essenon

296 3082 423 3181 solum
448 3112 536 3181 cum
557 3106 698 3180 Codice
721 3105 886 3239 Cyprio,
912 3111 977 3203 sed
1004 3108 1119 3181 etiam
1138 3133 1229 3181 cum
1247 3105 1332 3181 aliis
1351 3104 1507 3209 optimis
1524 3105 1643 3208 libris.¹

393 3242 604 3321 Wetstenii
629 3247 861 3325 sententiam
889 3244 921 3340 3)
957 3240 1048 3319 e'um
1082 3272 1128 3320 ex
1153 3236 1274 3347 latins
1304 3247 1479 3321 versione
1508 3246 1785 3351 interpolatum
1810 3271 1907 3334 esse,
1930 3246 2110 3339 refutare,
2213 3227 2219 3235 ⁸

298 3408 442 3487 operae
463 3382 634 3486 pretium
654 3408 736 3456 non
757 3400 822 3459 est.
873 3383 1073 3459 Lectiones
1090 3408 1218 3474 enam
1239 3413 1340 3487 quae
1359 3389 1602 3463 autalrunde
1622 3387 1913 3488 quumelattna
1936 3388 2111 3463 versione

203 3570 206 3577 ‚
298 3542 406 3609 ortae
429 3546 508 3633 esse
532 3549 612 3596 non
638 3540 820 3624 possunt,
854 3536 938 3597 aut
940 3524 1053 3645 apud
1080 3542 1208 3627 patres
1230 3549 1405 3638 graecos,
1442 3526 1618 3626 aliosque
1648 3542 1758 3599 sesses
1783 3523 1892 3599 haud
1918 3526 2109 3631 suspectos

216 3670 226 3695 '
298 3688 380 3735 non
400 3678 629 3749 occurrunt
664 3644 849 3736 indicavit
875 3662 993 3765 piane
1021 3664 1158 3767 nullss.
1213 3665 1311 3740 Cum
1334 3671 1465 3742 autem
1484 3684 1653 3740 rationes
1678 3684 1859 3744 externae
1875 3682 1913 3741 et
1935 3685 2110 3741 internae

297 3798 391 3880 huic
413 3799 591 3903 opinioni
611 3798 863 3875 adversentur
889 3794 937 3891 3),
975 3820 1175 3907 procerte
1198 3805 1392 3899 tenemus,
1426 3806 1568 3940 latinos
1587 3804 1739 3882 codices
1765 3830 1811 3879 ex
1835 3808 1997 3920 graecis,
2029 3832 2109 3882 non

300 3964 391 4014 vero
414 3962 567 4043 graecos
588 3964 633 4020 ex
656 3939 784 4014 latinis
808 3964 887 4013 esse
912 3936 1177 4069 interpolatos.

1144 4182 1181 4277 s
1242 4210 1276 4259 ι.

399 4354 704 4437 Gravissimam
693 4357 889 4433 institutae
914 4358 1188 4438 dissertationis
1204 4381 1353 4467 partem
1373 4364 1619 4492 aggredimur
1638 4364 1848 4468 explicare,
1878 4364 2113 4439 demonstra·

287 4494 449 4569 wtionem
474 4513 594 4572 textus
615 4464 842 4574 indolis·-
871 4502 1050 4577 Ceditem
1079 4520 1251 4579 nostrum
1275 4507 1314 4579 in
1335 4506 1520 4580 multis
1484 4508 1716 4593 lectionibus
1732 4508 1790 4580 vel
1811 4532 1832 4577 a
1851 4504 2030 4607 plurimis
2051 4485 2112 4579 vei

302 4634 352 4711 ab
375 4636 572 4724 omnibus,
563 4665 697 4763 ,quos
717 4642 914 4733 novimus,
940 4643 1049 4719 libris
1068 4642 1273 4738 recedere,
1299 4634 1431 4720 avinis
1451 4644 1521 4719 do
1505 4645 1674 4724 tissimis
1698 4645 1847 4720 dudum
1870 4624 2114 4719 observatum
2182 4696 2187 4702 -

344 4914 380 5003 3)
401 4920 439 4982 N.
456 4882 585 4983 Usum
605 4918 704 4981 variis
726 4920 800 4985 leet.
822 4888 856 5010 et
873 4938 1046 4996 comment.
1064 4926 1114 4991 ed.
1132 4927 1301 4996 Wetsten.
1323 4926 1456 5013 Proleg.
1478 4934 1529 5002 4ο.
1550 4933 1600 5001 ts.
1670 4920 1672 4923 ⁴

346 5062 382 5139 4)
404 5064 454 5126 Cf.
471 5065 652 5131 Griesba'ch
667 5064 777 5151 symb.
793 5074 866 5136 crit.
888 5075 912 5139 1.
933 5056 966 5161 p.
984 5024 1090 5140 CXNI
1108 5096 1156 5163 sq.
1197 5080 1275 5163 Hug
1290 5073 1482 5162 Einleitung
1503 5074 1552 5137 ins
1570 5078 1608 5166 Ν.
1628 5072 1666 5136 Τ.
1688 5075 1711 5137 1.
1733 5093 1765 5157 p.
1787 5072 1843 5138 133
1867 5093 1916 5159 sq.
1938 5126 1941 5132 ,
1986 5140 1991 5146 ,
