4584 5609
1946 368 2004 455 65

293 582 350 659 δι
400 574 517 681 Optio
527 572 668 661 datur,
695 595 812 674 quam
834 569 1040 651 lectionem
1063 500 1346 679 praxeferarnus,
1373 593 1508 653 utrum
1528 556 1766 681 receptam
1743 566 1882 655 nollet
1904 566 1949 657 δὲ
1963 586 2005 657 ἐκ
2068 576 2074 584 ’

187 728 267 793 troo
289 716 435 820 ὄχλου,
461 742 509 789 an
534 724 573 792 ἐκ
593 745 666 791 του
651 682 870 815 ὅχλουδὲ
892 718 1053 805 πολλοὶ,
1080 739 1199 815 quam
1219 740 1308 790 cum
1323 715 1465 819 Cyprio
1487 712 1902 793 bahentAlexandrini
1922 717 2005 820 ple-

194 854 307 957 rique
324 872 362 931 et
383 856 495 931 multi
518 853 832 931 occidentales.

293 999 353 1069 31.
402 994 625 1068 lectionem
646 998 696 1092 μὴ
720 1016 792 1095 pro
816 1005 970 1094 recepta
987 991 1092 1091 ’μήτι
1122 1007 1253 1065 tuetur
1278 990 1443 1095 Cyprius
1478 1018 1567 1083 cum
1584 991 1704 1097 libris
1734 992 2005 1070 Alexandrinis
2062 979 2066 987 ’

192 1134 656 1239 praestantissimisatque
676 1130 981 1206 occidentalibus
1001 1132 1296 1236 byzantinisque
1326 1157 1406 1216 non
1431 1134 1591 1236 paucis.'
1634 1132 1708 1208 Sed
1730 1161 1819 1209 cum
1839 1132 2027 1209 internis*

190 1273 406 1350 rationibus
425 1274 487 1351 vin
508 1274 726 1375 quidquam
742 1270 838 1345 effici
855 1270 1001 1375 possit„
1016 1271 1208 1347 lectorum
1226 1270 1375 1372 judicio
1389 1248 1648 1373 relinquimus
1659 1329 1669 1362 ,
1680 1261 1829 1351 'utrum
1844 1276 2005 1355 eximios

191 1414 279 1490 istos
303 1412 556 1514 tes-tessaqui
582 1438 632 1485 an
655 1409 851 1511 ingentem
874 1380 1055 1487 codicum
1074 1404 1914 1529 Comtanunopolitanor·um'etAsiaticorum
1931 1443 2004 1540 nu·
2073 1446 2077 1457 ¹

191 1583 341 1633 merum
363 1555 437 1631 illis
455 1554 651 1658 praeferre
669 1554 818 1631 malint

187 1676 196 1719 ³
292 1701 388 1795 39.
402 1687 1300 1795 dysovsdjectumfuitmemoriaeautjudicii
1328 1716 1481 1782 errore,
1514 1706 1552 1766 et
1579 1692 1717 1767 merito
1744 1719 1766 1766 a
1789 1654 2003 1769 nostroco-
2064 1774 2067 1783 ,

191 1835 519 1936 dicedamnstur.
569 1833 720 1908 Abluit
734 1831 840 1906 enim
874 1856 897 1905 a
929 1829 1038 1905 libris
1073 1828 1269 1930 Origenis,
1303 1830 1826 1935 Atlranasii,CyrilliAlex.,
1858 1834 2003 1928 Nonni,
2119 1936 2130 1943 .

191 1971 640 2079 llesychii,'Victorini‚
668 1967 881 2057 Ambrosii,
907 1968 1159 2083 Hieronymi,
1193 1968 1416 2071 Augustini,
1448 1970 1624 2045 Auctoris
1650 1970 2004 2066 Quaestionumiu

189 2114 236 2191 N.
258 2115 301 2191 T.
318 2130 356 2187 et
376 2108 735 2211 scholiastarumjin
757 2105 960 2183 Matthaeii
984 2103 1099 2183 codd.
1120 2104 1205 2181 ad
1255 2093 1478 2213 Repudiant
1498 2136 1581 2183 eam
1598 2112 1680 2213 Syr.
1699 2113 1893 2199 Pescbit0‚
1920 2141 2004 2188 ver·

187 2254 244 2329 sio
264 2252 430 2355 persica,
464 2224 790 2354 copt0-sebidica,
826 2246 1044 2335 armenica,
1078 2245 1177 2320 ltala
1207 2258 1310 2339 (exo.
1333 2250 1502 2323 cantabr.
1533 2266 1571 2322 et
1601 2252 1717 2339 brix.)
1752 2268 1792 2338 el
1823 2254 2001 2356 Vulgata.

190 2392 387 2469 Omittunt
408 2390 523 2465 etiam
545 2386 698 2465 codices
716 2389 758 2461 T.
780 2392 839 2481 4²·
856 2412 915 2484 9¹·
995 2454 1027 2497 Ι,

164 2501 175 2519 ⁸
287 2533 350 2607 51
401 2558 549 2637 aporos
571 2526 802 2601 locttontbus
822 2524 951 2600 dubus
976 2550 1170 2602 accenseo.
1232 2525 1311 2601 Etsi
1330 2552 1435 2602 enrm
1456 2554 1543 2603 cum
1564 2528 1707 2633 Cyprro
1722 2526 1880 2604 codices
1901 2555 2002 2605 ocrr

191 2668 363 2743 dentales
382 2682 420 2741 et
436 2656 692 2741 Alexandrini
708 2690 790 2741 eam
810 2679 972 2743 tuentur
991 2640 1041 2775 ad
1057 2692 1182 2741 unum
1198 2690 1351 2759 omnes,
1375 2682 1504 2742 tamen
1522 2692 1693 2757 causam,
1718 2694 1789 2743 cur
1808 2685 2067 2794 arec-epta

189 2806 536 2936 ingenticodirum
558 2828 720 2881 numero
739 2802 919 2879 roborata
939 2802 1185 2890 recedamus,
1212 2800 1327 2877 ardeo
1347 2803 1506 2877 nullam
1709 2788 1720 2807 ⁰
1936 2835 1946 2846 ·2
2015 2834 2031 2885 ι
2074 2856 2078 2862 -

253 2946 347 3022 55.
396 2944 618 3019 Lectiouem
640 2950 819 3051 ἐγείρεται
834 2924 907 3046 pro
927 2948 1118 3055 ἐγήγερται
1138 2938 1286 3018 habent
1307 2943 1396 3016 libri
1419 2941 1676 3019 occidentales
1691 2960 1729 3021 et
1747 2944 2001 3023 Alexandrini

188 3082 375 3191 permulti
398 3102 589 3187 cumsyro
605 3098 774 3185 utroque
798 3096 837 3156 et
858 3082 1035 3157 versione
1049 3078 1212 3183 gothica.
1274 3081 1350 3156 Sed
1374 3082 1445 3157 bos
1470 3081 1706 3176 labefactant
1729 3083 1803 3157 alia
1826 3082 2001 3185 ejusdem

83 3214 87 3223 ’
189 3223 315 3299 classis
334 3222 567 3321 documenta
593 3248 673 3297 non
697 3244 819 3323 pauca
841 3245 930 3295 cum
949 3246 1127 3297 universa
1144 3222 1327 3299 codicum
1353 3221 1648 3328 byzantinorum
1671 3222 1826 3299 familia.
1888 3224 2000 3299 Prior

186 3364 419 3479 antiquitate
441 3380 479 3438 et
497 3363 651 3465 testium
677 3362 853 3467 gravium
880 3334 1133 3439 consensione
1156 3361 1349 3466 posterior
1376 3362 1530 3437 testium
1551 3362 1808 3451 multitudine
1832 3388 1872 3439 se
1896 3389 2003 3441 coms

187 3504 419 3581 mandat.
408 3544 456 3565 -
583 3531 592 3557 ,

287 3630 398 3733 Quae
422 3639 540 3744 igitur
561 3614 698 3717 omnes
719 3642 1014 3718 lectiones'cnm
1038 3638 1201 3717 totidem
1216 3641 1297 3718 sere
1314 3602 1574 3718 correctiones
1593 3642 1689 3729 sint,
1714 3641 1802 3718 satis
1820 3642 1999 3720 luculen-

97 3760 115 3779 ‘
188 3796 248 3859 ter
266 3780 499 3856 confirmant
519 3805 582 3867 ea,
609 3804 709 3881 quae
730 3778 780 3856 de
801 3748 1181 3857 lectionum⁸¹codicis
1200 3781 1319 3855 nostri
1335 3784 1567 3883 praestantia
1587 3777 1763 3868 diximus.

186 4007 190 4017 ι
284 3920 341 3994 Ad
363 3902 615 3997 vindicandas
635 3935 763 3997 autem
793 3946 876 4008 eas,
913 3945 1013 4022 quae
1040 3946 1061 3994 a
1090 3921 1203 3996 bonis
1230 3918 1344 3993 lrbrrs
1359 3921 1521 4008 absunt
1557 3919 1657 3994 vel
1649 3946 1687 3992 ιιι
1712 3944 1757 3992 eo
1781 3918 1865 3993 solo
1889 3944 2003 4023 repe«
2075 3940 2081 3955 ·

185 4058 362 4145 riuntur,
389 4084 471 4135 eus
493 4060 699 4135 auctoritas
713 4085 853 4164 parum
872 4056 1015 4135 idonea
1041 4058 1232 4135 censenda
1257 4076 1322 4135 est
1371 4059 1444 4134 Vel
1467 4058 1572 4134 enim
1583 4059 1904 4174 transpositiones
1919 4059 1998 4135 eai-

185 4196 251 4311 gui
276 4196 461 4271 momenti
480 4212 598 4283 sunt,
632 4197 690 4272 vel
724 4198 776 4271 ita
803 4215 1068 4303 comparatae,
1097 4213 1143 4272 ut
1165 4223 1298 4273 earum
1320 4226 1520 4299 γιησιοτιις
1538 4196 1673 4273 solidis
1693 4198 1938 4275 rationibus'
1927 4226 1998 4274 ιιιι-

185 4338 351 4441 pugnari
370 4338 499 4439 possit
525 4334 718 4431 criticus,
733 4362 802 4438 qtu
792 4334 1262 4437 hujuscodicistertum
1283 4338 1497 4427 recensuit,
1520 4335 1995 4443 asnapicionelibernon

186 4494 262 4565 est,
305 4476 489 4553 lectiones
520 4476 706 4582 quasdam
738 4503 854 4553 novas
882 4478 943 4553 vel
976 4478 1150 4568 finxisse,
1197 4478 1259 4553 rel
1255 4478 1452 4590 margini
1482 4477 1575 4551 libri
1597 4476 1764 4579 alicujus
1789 4477 1996 4581 adscriptas

132 4680 135 4691 .
184 4632 261 4694 sut
275 4642 345 4691 uns
335 4616 523 4692 'alterive
546 4648 710 4727 novnpov
732 4648 937 4722 supparos
949 4617 1163 4719 peculiares
1183 4643 1255 4721 pro
1276 4617 1508 4694 lectionibus
1533 4613 1715 4694 codicum
1736 4619 1904 4720 optimae
1925 4640 1995 4690 no·

184 4770 245 4831 tae
266 4780 335 4859 per
357 4760 626 4863 negligentiam
655 4778 723 4837 aut
743 4726 920 4835 cbnsulto
942 4757 1145 4833 admisisse.
1198 4756 1377 4861 Sicv..j-g
1388 4756 1554 4830 dubium
1575 4771 1759 4842 nonest,
1796 4776 1995 4829 censorem

169 4897 319 5000 =inepte
333 4924 373 4973 se
381 4902 510 4978 lulum
527 4902 634 4977 loen.
654 4903 747 4985 Vll
768 4906 814 4976 28
843 4902 931 4977 ler'
896 4918 1049 4977 tionem
1071 4898 1283 4975 loanneae
1292 4896 1453 4973 dictioni
1477 4896 1595 4998 plane
1616 4895 1854 4970 conformem
1879 4899 1993 4993 λέγων

183 5034 226 5117 iu
250 5036 524 5142 elegantiorem
556 5046 620 5120 sal
643 5042 765 5140 ἔλεγεν
786 5041 965 5119 consulto
996 5058 1191 5134 mutasse„
1217 5040 1385 5117 eundem
1402 5063 1476 5142 per
1496 5012 1768 5142 negligentiam
1796 5061 1830 5111 ι.
1855 5036 1902 5110 52
1928 5038 1992 5119 καὶ
2064 5120 2069 5139 .
2120 5118 2125 5123 ,

1443 5206 1469 5281 9
