4584 5609
298 382 349 466 16

293 615 371 665 esse
389 589 570 692 scriptam
588 587 630 663 in
647 586 848 691 prophetis
869 601 987 691 atque
1009 584 1107 663 adeo
1130 586 1327 692 exemplar
1342 588 1574 678 laceratum,
1606 586 1714 693 qued
1734 612 1819 665 eam
1838 586 1988 665 lesaiae
2007 589 2109 665 inte·

211 750 213 758 ’
293 756 398 831 gram
415 730 616 829 attribuit,
643 729 741 803 male
764 728 890 831 legere
912 726 957 817 ⁵).
1749 720 1753 729 ⁸

395 872 443 943 ln
466 858 673 970 Evangelio
692 870 813 942 sancti
829 868 990 941 loannis
1021 867 1182 970 legitur:
1218 838 1395 959 „Ventus
1423 871 1493 946 ubi
1515 871 1614 954 vult,
1637 871 1758 973 spirat
1786 886 1825 945 et
1853 894 1989 945 rocem
2026 868 2131 969 ejus,

298 1006 430 1096 audis,
465 1006 532 1082 sed
555 1008 691 1094 nescis,
717 1003 824 1079 unde
847 1008 995 1097 veniat,
1021 1032 1092 1103 nec
1115 1032 1194 1107 quo
1217 1008 1492 1111 proficiscatur.
1551 1009 1699 1084 Eodem
1731 1007 1846 1083 modo
1877 1024 1933 1083 est
1968 1007 2107 1104 omnis,

190 1161 195 1171 '
298 1146 368 1247 qui
384 1162 495 1221 natus
511 1160 565 1225 est
581 1171 602 1219 e
618 1128 800 1249 spiritu.“
852 1145 1023 1219 Instituit
1039 1143 1222 1222 domiuus
1237 1120 1567 1252 comparationem
1585 1151 1687 1228 inter
1703 1130 1861 1221 ventum
1878 1163 1917 1221 et
1930 1137 2111 1251 spiritum

299 1287 523 1361 adversante
548 1286 757 1393 exemplari
774 1284 940 1359 lacerato
960 1284 1068 1387 quod
1091 1284 1226 1384 habet:
1251 1288 1409 1391 spiritus
1426 1287 1494 1362 ubi
1515 1290 1618 1373 vult,
1643 1288 1763 1391 spilat
1779 1286 1965 1361 et-statim
1981 1284 2110 1359 adlit:

300 1426 351 1498 ita
371 1443 426 1501 est
445 1442 483 1499 et
501 1425 644 1512 omnis,
680 1424 882 1527 quinctus
905 1442 960 1499 est
991 1452 1012 1499 e
1041 1427 1194 1529 spiritu.
1256 1402 1496 1531 Impossibile
1529 1445 1584 1500 est
1612 1406 1825 1528 siquidem,
1859 1442 1904 1499 ut
1924 1450 1984 1500 res
2006 1449 2110 1525 quae

302 1565 601 1669 comparationis
621 1566 708 1638 loco
729 1552 958 1657 adhibetur,
984 1565 1033 1638 sit
1060 1564 1241 1667 ipsissima
1262 1590 1339 1653 res,
1366 1592 1470 1667 quae
1492 1583 1746 1668 comparatur.
1837 1566 1842 1573 ’
1883 1598 1907 1646 x

403 1708 450 1777 ln
473 1705 681 1807 Evangelio
700 1704 884 1779 Matthaei
903 1705 1100 1807 exemplar
1126 1679 1353 1807 praesertim
1380 1702 1575 1805 copticum
1600 1700 1911 1804 exhibet,quod
1929 1700 2113 1777 dominus

302 1843 457 1917 Messias
486 1844 638 1949 jusserit
661 1843 868 1947 discipulos
895 1869 982 1917 suos
1007 1845 1155 1917 nemini
1181 1842 1275 1933 dici,
1312 1841 1422 1945 quod
1447 1845 1527 1944 ipse
1555 1860 1649 1917 esset
1669 1843 1779 1916 lesus
1797 1842 1963 1917 Messias.
2023 1840 2112 1916 Non

304 2006 455 2057 neeesse
475 2001 547 2071 est,
573 2001 617 2057 ut
641 2009 730 2056 ros:
754 1968 844 2057 Jesu
865 1980 929 2056 hic
951 1984 1196 2085 exprimatur.
1258 1961 1417 2056 Domini
1446 1951 1550 2055 enlin
1577 2006 1738 2054 nomen:
1768 1981 1860 2054 Jesu
1880 1978 1988 2084 apud
2013 1980 2111 2053 lilios

304 2126 418 2197 lsrael
438 2141 475 2197 et
493 2123 595 2227 apud
621 2140 750 2225 gentes
769 2142 905 2197 uotum
933 2140 1026 2198 erat.
1055 2104 1189 2209 Sedis
1209 2149 1286 2197 esse
1304 2108 1482 2197 Messian
1506 2124 1711 2209 occultare¹
1730 2123 1884 2196 solebat.
1922 2123 2115 2197 Dominus

304 2262 418 2337 notus
443 2281 525 2337 erat
544 2264 594 2335 ob
615 2263 833 2349 seientiam,
860 2289 936 2363 qna
954 2260 1150 2363 pollebat,
1175 2278 1215 2336 et
1230 2264 1421 2365 obsigna,
1445 2280 1551 2365 quae
1564 2266 1808 2365 operabatur.
1868 2262 2025 2337 Sciliret
2045 2229 2114 2339 niss

306 2402 506 2474 serebatur
527 2398 794 2503 indigentium.
844 2394 949 2476 Fecit
971 2402 1098 2487 enim,
1122 2417 1166 2474 ut
1184 2403 1288 2497 coeci
1312 2402 1508 2488 riderent,
1533 2401 1640 2476 surdi
1663 2404 1863 2490 audirent,
1887 2400 2019 2477 claudi
2036 2430 2115 2477 atu·

306 2538 509 2625 'hularent‚
537 2539 675 2641 leprosi
697 2555 974 2641 purgarentur,
1001 2536 1191 2613 daemone
1218 2541 1357 2615 obsessi
1383 2540 1637 2643 intelligentia
1656 2540 1872 2645 pollerent,
1909 2558 1948 2614 et
1970 2540 2114 2616 mortui

310 2678 581 2751 reviviscerent
605 2679 714 2751 etsie
734 2702 863 2779 porro.
913 2652 1014 2750 Fieri
1038 2677 1176 2778 utique
1191 2656 1349 2784 nequit,
1374 2670 1657 2785 ut'honro'(ex
1678 2683 1836 2754 illorum
1862 2669 2116 2787 nuntero'qul
2227 2671 2231 2679 ¹

310 2802 491 2893 omuibus
512 2820 635 2923 probe
658 2836 696 2894 et
715 2819 859 2921 absque
873 2818 1124 2899 dubitatione
1146 2821 1229 2895 noti
1247 2825 1362 2909 sunt)
1389 2825 1562 2925 seipsum
1576 2819 1864 2925 quodammodo
1883 2821 2049 2928 abneget
2072 2818 2115 2910 6).

223 3079 225 3083 ·
352 3062 387 3145 ⁵>
410 3059 502 3155 Quae
532 3060 586 3122 liic
612 3081 674 3144 pro
705 3056 898 3124 vindicanda
923 3062 1067 3125 lectione
1097 3066 1196 3128 llarc.
1217 3070 1243 3128 l.
1266 3086 1294 3130 a.
1318 3066 1352 3127 lv
1367 3058 1441 3139 eoas
1458 3078 1648 3153 προφηταις
1668 3070 1899 3155 disputantur,
1926 3066 2027 3133 aliter
2051 3082 2116 3132 stt·

292 3161 295 3169 ι
435 3186 556 3251 tu'euda
575 3198 661 3247 sunt.
702 3166 1065 3269 Censorasuspicione
1082 3188 1173 3251 liber
1195 3202 1350 3266 nonest,
1381 3211 1455 3251 oum
1477 3196 1528 3253 rel
1553 3214 1590 3253 ea
1612 3194 1702 3257 testis
1726 3192 1925 3263 recentioris
1947 3192 2115 3273 cujusdam

435 3310 630 3373 auctoritate
650 3309 702 3373 vel
720 3330 759 3373 ex
776 3310 908 3394 ingenio
923 3332 984 3403 suo
1003 3312 1181 3374 lectionem
1196 3314 1345 3380 omnibus
1360 3327 1473 3374 textus
1492 3313 1577 3376 sacri
1595 3315 1723 3377 familiis
1739 3315 1891 3399 primitus
1908 3334 2114 3377 communem

438 3433 472 3494 lv
487 3437 592 3512 ’ἡσαϊᾳ
611 3449 657 3515 τῳ
674 3444 829 3516 προφητῃ
846 3448 998 3498 mutasse.
1048 3436 1240 3517 [tectionem
1261 3436 1612 3518 exemplaria’lacorati
1641 3425 1896 3525 (Mkiwjl
1921 3424 2116 3530 Quali)

439 3568 577 3619 tuentur
599 3576 666 3619 non
684 3556 976 3647 solumversiones
994 3556 1160 3638 syriacae,
1181 3558 1331 3641 copricae
1355 3574 1388 3622 et
1406 3558 1574 3635 arabicae,
1601 3576 1681 3642 quas
1702 3574 1818 3623 auctor
1838 3560 2030 3637 consuluit,
2060 3558 2117 3623 sed

382 3740 383 3745 ,
437 3678 559 3741 multae
580 3677 677 3741 etiam
692 3678 797 3751 aliae,
819 3679 876 3741 SS.
893 3678 1008 3741 Patres
1031 3678 1247 3762 antiquissimi
1271 3694 1304 3741 ct
1321 3682 1451 3743 codices
1471 3682 1582 3762 graeci
1607 3684 1787 3763 aegyptiaci
1808 3699 1928 3742 omnes.
1974 3684 2043 3743 Nec
2063 3680 2118 3741 ad·

438 3816 490 3867 cst
508 3804 598 3867 ratio
610 3804 757 3874 interna,
778 3824 922 3865 caream
941 3804 1163 3887 repudiemus.
1206 3805 1344 3867 Sanctus
1364 3794 1572 3884 Evangelista
1598 3814 1691 3864 certo
1709 3820 1782 3877 non
1806 3798 1996 3883 ignorabat,
2017 3798 2116 3886 hujus

440 3926 674 4011 citati,partem
692 3926 896 3988 solummodo
918 3926 949 3987 in
967 3928 1073 3989 Jrsnia
1093 3926 1255 4011 propheta
1277 3926 1372 4004 (XL,
1393 3925 1437 4005 3.)
1460 3921 1613 3985 inveniri.
1666 3919 1733 3981 Sed
1756 3938 1829 3983 cum
1849 3922 1948 3983 verba
1977 3918 2017 3979 ab
2042 3919 2115 4002 ipso

439 4050 569 4111 laudata
594 4070 702 4131 neque
721 4070 794 4122 cum
822 4048 977 4113 hebraico
1003 4048 1180 4111 blalacbiae
1201 4050 1267 4123 lll,
1293 4067 1317 4106 ι.
1339 4046 1500 4107 et-blosls
1528 4042 1631 4105 Exod.
1657 4040 1779 4104 xxttt.
1802 4044 1850 4106 23.
1873 4042 1913 4102 al.
1934 4054 2025 4103 testu
2056 4062 2118 4104 nee

387 4250 390 4259 ,
441 4189 515 4233 cnm
539 4188 656 4253 graeca
678 4168 777 4229 enrd
797 4173 950 4233 versione
975 4182 1178 4248 consonent,
1207 4182 1318 4253 patet,
1347 4188 1421 4227 enm
1449 4165 1640 4227 memoriter
1664 4178 1788 4227 tantum
1814 4163 1930 4227 citasse
1957 4177 2054 4245 atque
2078 4162 2119 4225 de

442 4290 596 4373 ἀκριβειᾳ
626 4292 732 4353 minus
753 4290 954 4373 sollicitum,
976 4314 1039 4376 pro
1068 4294 1220 4355 omnihus
1247 4287 1484 4375 prophetarum
1512 4287 1719 4370 principem,
1752 4281 1880 4350 scilicet
1910 4284 1996 4366 apud
2023 4304 2120 4367 quom

361 4430 364 4439 ’
443 4415 549 4475 omnia
574 4414 683 4499 quoad
711 4414 906 4477 senteutiam
932 4410 1119 4493 exstarent,
1151 4434 1234 4497 quae
1259 4416 1293 4475 br
1316 4408 1493 4472 Malachiae
1513 4408 1624 4471 verbis
1649 4423 1780 4486 essent,
1809 4410 1919 4471 obiter
1938 4418 2063 4469 tautum
2084 4408 2118 4468 in

443 4550 634 4599 transcursu
650 4532 820 4599 nominare
838 4538 979 4601 voluisse
1000 4536 1059 4595 duo
1075 4546 1281 4619 προφητειας
1304 4534 1337 4593 ἐν
1351 4530 1524 4614 διαφοροις
1546 4530 1714 4615 εἰρημενας
1734 4548 1852 4599 venosa
1874 4530 1939 4587 ὑπο
1958 4525 2018 4587 deo
2042 4550 2122 4612 arpo·

328 4705 331 4719 ,
419 4660 932 4748 -pnsorelgbinvreynyorut
952 4662 1051 4727 Schol
1069 4660 1156 4725 adh.
1174 4661 1196 4725 l.
1247 4657 1439 4740 Rejiciendt
1465 4676 1545 4721 rere
1568 4652 1989 4736 eetconjeotnrassutebii
2019 4638 2122 4734 irrep

387 4810 389 4815 ·
444 4806 524 4870 προς
540 4802 677 4869 papiana
693 4806 768 4869 περι
784 4806 842 4859 της
860 4784 1018 4858 δοκουσης
1034 4786 1067 4847 ἐν
1083 4794 1153 4858 τοῖς
1170 4784 1374 4868 adornabant,
1389 4801 1466 4862 περι
1479 4800 1537 4852 της
1555 4777 1775 4848 ἀναστασεως
1788 4773 1995 4861 dampnata„
2015 4794 2122 4837 enee·

445 4910 481 4971 da
496 4932 537 4970 το
553 4919 758 4993 προφητικον
779 4912 950 4994 palazzano
965 4914 1079 4987 ἔστιν,
1101 4912 1161 4994 uix
1177 4912 1316 4984 bonine*
1340 4906 1484 4987 σφαλμα
1501 4903 1535 4963 dt
1552 4903 1647 4965 lew
1666 4913 1826 4987 γραφεως·
1900 4959 1907 4966 ,

364 5075 396 5157 b)
421 5078 482 5158 lis,
501 5066 583 5163 quari
601 5091 717 5142 auctor
733 5076 774 5141 de
788 5080 1003 5165 permutanda
1020 5102 1102 5147 voce
1124 5106 1228 5201 &p
1257 5098 1331 5151 cum
1353 5098 1465 5203 {app
1487 5073 1576 5137 etde
1593 5072 1789 5137 eliminanda
1808 5092 1890 5141 roes
1908 5070 2022 5147 monos
2038 5068 2124 5131 ltene
