4584 5609
333 431 492 517 38.

233 754 236 758 Ι
328 643 513 747 scriptum
537 634 579 733 i).
641 640 937 743 Qualiscunque
964 640 1125 728 tandem
1152 644 1203 727 sit
1230 641 1473 745 reliquorum
1497 639 1678 717 codicum
1700 613 1846 743 patria,
1883 637 1985 716 illud
2009 640 2150 718 saltem
2252 695 2253 700 ,

331 782 503 898 dubitari
527 783 682 885 nequit,
708 807 772 857 eos
792 784 955 859 eandem
972 758 1099 859 textus
1117 782 1467 859 conformationem
1485 790 1523 857 et
1540 780 1726 904 patirum
1752 798 1793 857 et
1810 782 1912 857 inter
1928 806 1968 859 se
1991 798 2031 857 et
2053 809 2150 861 cuns

329 921 491 1023 reliquis
514 920 641 1007 Asiae,
668 920 820 995 Africae
844 938 882 995 et
900 922 1080 1026 Europae
1105 921 1213 1009 libris
1231 922 1324 1005 huic
1344 925 1452 1000 classi
1474 922 1722 999 accensendis
1741 948 1894 1029 semper
1912 950 2064 999 servare
2090 904 2148 997 at-

329 1085 407 1163 que
434 1060 530 1135 adeo
556 1059 683 1137 eidem
708 1062 889 1137 codicum
917 1061 1087 1138 familiae
1118 1088 1195 1139 esse
1226 1063 1479 1141 associandos.
1540 1062 1743 1139 Caeterum
1765 1064 1871 1161 iniis
1891 1026 2031 1138 misltes
2050 1074 2149 1141 ὑπο·

329 1200 548 1306 deceptorie,
573 1200 747 1303 ejusdem
775 1202 853 1277 loci
879 1201 1047 1279 diversas
1070 1205 1256 1281 lectiones
1280 1200 1543 1307 deprehendi,
1579 1201 1723 1276 mirum
1755 1200 1955 1275 videbitur
1985 1200 2149 1290 nemini,

266 1318 270 1324 ι
328 1345 396 1445 qni
413 1360 585 1448 reputet,
613 1370 696 1421 earu
716 1346 756 1419 in
784 1361 838 1419 tot
852 1347 1063 1449 provinciis
1085 1347 1201 1422 fuisse
1220 1344 1398 1419 dissitam.
1430 1341 1511 1416 Nec
1527 1339 1773 1417 diffitendum
1795 1358 1869 1428 est,
1897 1340 2004 1445 quod
2030 1341 2149 1416 tantis

328 1481 583 1559 demonstrari
606 1500 731 1587 potest
757 1483 1003 1573 testimoniis,
1038 1486 1182 1577 nullibi
1211 1483 1389 1560 librarios
1419 1481 1511 1558 artis
1537 1483 1696 1559 criticae
1723 1449 1801 1557 tani
1826 1480 1941 1559 fuisse
1971 1485 2149 1586 expertes

328 1650 446 1727 quam
465 1625 506 1701 in
528 1625 688 1702 ecclesia
710 1625 839 1701 latina.
888 1592 1070 1703 Studium
1092 1626 1197 1701 enim
1218 1626 1325 1729 quod
1344 1624 1493 1699 scribae
1514 1621 1564 1717 ⁵),
1589 1625 1741 1700 romani
1766 1625 1936 1729 episcopi
1959 1626 1987 1714 6)
2020 1640 2059 1697 et
2086 1622 2145 1696 in·

326 1783 456 1871 tegrae
479 1766 659 1845 ecclcsiae
676 1764 708 1854 t)
733 1768 773 1842 in
792 1766 1054 1845 conservanda
1075 1768 1268 1844 librorum
1295 1764 1517 1866 integritate
1536 1782 1770 1868 posuerunt,
1797 1787 1877 1839 non
1897 1761 2147 1867 impediebat,

285 1986 290 1991 ,
327 1908 538 2007 quominus
556 1907 695 2008 quinto
712 1908 866 1983 saeculo
891 1922 948 1983 tot
970 1906 1050 1984 fere
1067 1923 1191 1983 essent
1210 1904 1467 2010 exemplaria,
1493 1921 1591 2009 quot
1608 1922 1718 1980 erant
1738 1901 1891 1980 codices
1915 1902 1954 1994 ⁸).
2003 1903 2144 2005 Neque

326 2030 457 2119 lamen
481 2044 732 2147 negligendae
752 2062 844 2121 sunt
865 2046 1058 2121 versiones
1077 2028 1222 2123 letinae
1240 2065 1386 2123 veteres
1405 2063 1445 2121 et
1464 2046 1665 2141 citationes
1682 2071 1728 2121 ex
1744 2046 1790 2121 iis
1808 2046 1848 2121 in
1867 2045 2016 2149 scriptis
2037 2068 2144 2118 sanc·
2252 2061 2253 2142 j

254 2280 263 2297 ἡ
328 2198 457 2257 torum
477 2183 634 2257 Petrum
657 2182 812 2271 obviae,
846 2184 925 2258 i'mo
950 2184 1079 2287 magni
1103 2184 1281 2263 habenda
1303 2204 1396 2261 sunt
1420 2212 1464 2261 ea
1484 2185 1591 2275 loca,
1615 2186 1685 2261 ubi
1706 2212 1842 2293 earum
1858 2208 1989 2259 sensus
2012 2179 2142 2257 differt

326 2345 346 2393 a
368 2346 595 2423 graecorum
612 2322 820 2399 verborum
834 2339 1022 2429 potestate
1038 2322 1071 2412 9)
1092 2324 1154 2401 vel
1172 2325 1242 2401 ubi
1262 2324 1297 2402 8.
1314 2326 1603 2432 Hieronymus,
1627 2325 1660 2402 8.
1680 2326 1935 2429 Augustinus,
1963 2324 2143 2415 Rufinus,

366 2585 403 2669 lt)
424 2586 532 2649 Missis
558 2585 630 2649 aliis
655 2589 858 2673 argumentis
882 2589 1063 2676 iisdemque
1085 2591 1286 2675 gravissimis
1305 2590 1399 2675 juvat
1420 2592 1583 2677 attingere
1606 2590 1689 2655 illud
1713 2612 1733 2654 e
1754 2590 1940 2675 scripturae
1965 2587 2141 2673 utriusque
2252 2647 2253 2650 ,

448 2713 572 2776 codicis
589 2712 1021 2796 similitudine-desumtum.
1063 2718 1218 2780 Formam
1237 2716 1390 2793 nimirum
1410 2716 1581 2797 literarum
1600 2714 1834 2777 nonnullarum
1856 2712 1979 2776 codicis
1995 2711 2057 2793 375
2070 2724 2141 2775 tum

347 2920 350 2924 .
449 2839 577 2929 graecis
595 2852 664 2901 tum
685 2839 824 2901 maxime
838 2838 871 2901 in
892 2840 982 2904 foliis
1003 2836 1215 2923 quibusdam,
1246 2841 1355 2903 latinis
1379 2839 1502 2902 codicis
1526 2838 1805 2922 casstabrigiensis
1827 2838 1928 2923 piane
1953 2837 2138 2923 aequalem,
2252 2913 2253 2918 ἵ

449 2973 547 3045 atque
566 2960 667 3025 abiis
686 2964 898 3049 reliquorum
913 2984 996 3049 quos
1017 2964 1084 3029 ridi
1100 2965 1251 3029 codicum
1267 2965 1366 3049 plane
1386 2964 1552 3026 diversam
1571 2961 1864 3063 deprehendimus,

363 3126 398 3212 ὅ)
421 3124 583 3213 Graegor·
600 3128 728 3191 Toron.
745 3128 817 3191 hist
833 3097 1028 3195 francorum
1050 3152 1124 3218 pag.
1145 3131 1298 3206 indende
1316 3128 1461 3193 librariis
1479 3100 1677 3214 scripturam
1700 3147 1827 3193 sacram
1849 3123 2064 3201 exurentibus
2091 3123 2138 3188 lo·

446 3268 552 3346 paens
570 3249 705 3313 asserit:
728 3270 786 3314 eos
803 3250 921 3337 legisse
940 3246 1122 3333 lectiones,
1143 3276 1224 3341 quas
1245 3257 1358 3319 Canon
1376 3257 1484 3319 sanxit
1508 3259 1674 3344 antiquus.

363 3410 397 3494 6)
418 3411 570 3477 Gelasius
588 3414 803 3498 Papa'libros
818 3390 971 3499 Hesychii
989 3431 1021 3483 et
1036 3418 1173 3481 Luciani
1190 3420 1357 3484 damnavit
1374 3420 1425 3482 tis
1448 3420 1580 3483 verbiss

573 3508 577 3513 .
606 3540 787 3627 Evangelia
810 3560 896 3625 quae
917 3542 1050 3605 falsavit
1072 3543 1237 3604 Lucienus
1260 3536 1452 3627 apocrypha

604 3662 783 3746 Evangelia
807 3650 891 3747 qnae
914 3665 1046 3744 falsavit
1068 3650 1253 3751 Hes'ychius
1277 3667 1466 3754 apocrypha

517 3784 757 3869 DecretgPsrs
774 3790 797 3851 l.
820 3784 974 3853 Distinet.
985 3790 1066 3857 XV.
1088 3790 1117 3875 §.
1133 3812 1182 3875 27.
1429 3754 1434 3762 ›

444 3907 481 3966 m
501 3908 651 3973 oratioue
670 3912 807 3975 loannis
822 3912 861 3977 de
880 3879 1027 4000 Ragirsid
1045 3928 1162 3979 eontra
1178 3914 1344 3978 Bulaemos
1363 3914 1397 3975 in
1414 3912 1472 3977 88.
1490 3912 1608 3976 concil.
1628 3891 1667 3975 ad
1683 3912 1807 3996 regiam
1825 3900 1903 3976 edit.
1921 3920 2034 3973 exacta
2051 3902 2135 3969 stud.

444 4028 528 4091 Phil.
547 4032 671 4095 Labbei
693 4048 726 4097 et
740 4034 779 4097 G.
800 4034 962 4101 Cossurtii
985 4040 1023 4101 Τ.
1042 4036 1115 4103 1111.
1138 4060 1213 4124 pag.
1237 4039 1325 4103 sotto.
1346 4038 1489 4123 legitur:
1518 4036 1699 4122 Evangelia
1718 4054 1803 4120 qnae
1820 4032 1953 4096 falsavit
1972 4031 2135 4093 Lucienus

394 4232 398 4239 ἢ
421 4200 422 4205 .
445 4151 658 4238 apocrypha,
680 4157 861 4243 Evangelia
877 4182 962 4246 quae
979 4162 1110 4231 falsavit
1125 4162 1259 4227 Hiroius
1274 4156 1471 4246 apocrypha.
1512 4154 1597 4248 Quis
1617 4158 1674 4220 ille
1690 4156 1825 4220 Hircius
1844 4154 1949 4219 fuerit
1964 4155 2094 4241 ignoro.

362 4316 397 4399 7)
418 4314 593 4409 Notissima
618 4330 667 4381 est
693 4320 833 4405 epistola
853 4322 908 4385 illa
927 4325 1103 4409 Augustini
1127 4326 1168 4389 sd
1182 4326 1445 4407 Hieronymum,
1473 4323 1506 4383 in
1528 4340 1591 4404 qna
1609 4320 1737 4384 refert:
1764 4332 1867 4383 totam
1897 4317 2072 4381 ecclesiam
2093 4312 2133 4376 ols

443 4439 658 4503 mutationem
682 4458 798 4507 vocum
820 4444 1145 4534 quarundamfuisse
1164 4447 1414 4528 exacerbatam,
1436 4444 1480 4510 cf.
1502 4446 1596 4526 Hody
1615 4444 1657 4507 de
1678 4456 1760 4508 text.
1778 4443 1933 4529 original.
1955 4462 1987 4526 p.
2009 4440 2081 4505 888.

360 4602 400 4686 8),
419 4600 470 4667 Cf.
487 4604 626 4709 Hieron.
640 4607 679 4670 ad
695 4610 825 4673 Damas.
846 4608 1004 4689 Praedia
1021 4612 1082 4677 Ev.
1099 4623 1133 4676 et
1148 4610 1258 4675 Praei.
1277 4613 1311 4675 in
1327 4610 1405 4675 libr.
1420 4603 1516 4675 hebr.
1532 4624 1658 4697 quaest.
1675 4610 1709 4673 in
1728 4609 1876 4689 Genesin
1895 4608 1934 4669 Τ.
1953 4607 1993 4667 11.
2016 4627 2048 4689 p.
2057 4574 2133 4683 ¹507.

443 4726 483 4789 ⁸¹·
528 4729 760 4829 Angustias,
786 4735 903 4797 Doctr.
923 4731 1038 4797 christ.
1058 4735 1080 4798 1.
1100 4736 1142 4799 ll.
1163 4756 1192 4800 c.
1217 4760 1262 4799 ιι.
1285 4735 1390 4801 anal.
1423 4726 1995 4814 (11.81811111111.6111111116.
2037 4727 2132 4789 Blan-

439 4852 532 4917 claini
558 4856 587 4915 1.
605 4876 678 4940 pag.
695 4859 745 4931 18.
788 4860 907 4923 Franc.
926 4861 1035 4923 Lucae
1053 4862 1159 4967 Brpg.
1175 4860 1310 4924 lection.
1327 4862 1504 4926 varietates
1532 4861 1566 4922 in
1587 4858 1704 4921 Bibliis
1730 4858 1839 4923 latinis
1864 4856 1920 4921 fini
1939 4856 2027 4921 Bibl.
2053 4874 2135 4919 sacr.

318 4972 324 4991 ⁸
441 4976 543 5060 Vulg.
560 4976 611 5041 ed.
633 4997 708 5041 cum
725 4978 835 5041 Schol.
856 4980 886 5041 J.
905 4979 1069 5047 Marianae
1088 4996 1123 5055 ,et
1139 4996 1243 5049 notat.
1262 4987 1335 5048 Em.
1352 4986 1406 5049 Sa.
1427 4982 1635 5068 Antverpiae
1656 4980 1742 5057 adst.
1764 4982 1804 5045 T.
1818 4980 1886 5044 lldi
1902 4980 2041 5065 subject.

359 5135 395 5219 9)
417 5137 538 5205 silum
560 5112 721 5228 ejusmodi
737 5144 917 5211 lectionum
936 5134 1137 5233 reperies'in
1154 5149 1243 5215 nihl.
1261 5170 1346 5214 sacr.
1361 5150 1417 5214 lat.
1436 5169 1525 5220 vers.
1542 5160 1610 5215 sut.
1627 5146 1679 5214 ed.
1697 5145 1858 5211 Sabatier.
