4584 5609
380 634 701 740 Disquisitionem'
725 658 770 716 ut
791 609 981 719 minutam
998 642 1111 719 nimis
1135 658 1174 717 et
1193 658 1394 745 angustam
1416 658 1536 745 atque
1554 644 1679 720 multo
1700 625 1827 719 taedio
1848 646 2100 748 conjunctam

281 781 330 855 in·
350 779 479 855 multis
504 780 643 881 utique
673 783 864 856 transilire
890 785 1109 889 potuissem,
1135 799 1181 859 ut
1203 776 1271 858 alii
1294 782 1493 872 fecerunt,
1520 797 1640 885 atque
1665 786 1742 887 jam
1767 784 1993 887 praevideo,
2017 790 2109 867 risu'
2192 806 2198 809 “

281 946 366 995 eam
393 936 623 1025 excepturos
648 948 725 1000 esse
752 923 965 997 nonnullos
990 920 1182 998 subducti
1198 924 1398 1026 supercilii
1421 924 1616 1013 homiues,
1649 926 1718 1027 spui
1745 927 2012 1025 mirabuntur,
2037 954 2098 1005 me

282 1060 332 1135 ad
358 1062 559 1165 spinosum
581 1061 660 1137 'hoc
687 1081 725 1137 et
750 1063 849 1137 exile
874 1088 971 1165 opus
998 1062 1126 1137 delabi
1152 1063 1333 1166 potuisse.
1369 1063 1438 1136 His
1464 1090 1554 1139 cum
1579 1028 1700 1138 multa
1724 1088 1923 1169 opponere
1948 1070 2100 1170 possim,

281 1225 363 1275 nou
389 1200 547 1295 faciam,
582 1184 787 1276 contentus
813 1226 876 1276 eos
903 1227 1068 1304 rogasse,
1092 1218 1136 1276 ut
1162 1200 1342 1303 quidrei
1369 1201 1417 1275 sit
1442 1201 1619 1290 criticae,
1651 1201 1853 1279 addiscere
1877 1202 2099 1307 dignentur.

280 1340 377 1415 Cum
396 1340 582 1416 nimirum
598 1338 696 1439 justa
722 1339 902 1441 codicum
929 1341 1264 1434 aestimarimmihi
1288 1342 1400 1419 cordi
1418 1358 1532 1431 esset,
1553 1311 1676 1445 atque
1702 1344 1744 1417 in
1765 1326 1932 1419 laudatis
1951 1344 2095 1423 codici·

281 1480 355 1557 bus
382 1481 502 1555 multa
515 1481 676 1593 ‘incerta
702 1497 770 1554 aut
796 1479 915 1555 dubia
942 1482 1193 1569 viderentur,
1229 1482 1404 1595 laborem
1431 1482 1472 1557 in
1503 1508 1565 1557 me
1589 1482 1781 1585 suscipere
1807 1509 1888 1557 non
1912 1486 2097 1575 recusavi,

282 1636 401 1722 atque
427 1646 472 1695 eo
499 1622 616 1723 magis
645 1622 741 1695 vires
766 1646 867 1695 meas
895 1622 1070 1723 exercui,
1102 1646 1182 1721 quo
1207 1620 1355 1722 majore
1381 1648 1447 1725 spe
1470 1650 1554 1697 sum
1580 1620 1766 1710 nutritus,
1791 1622 1874 1697 iore
1898 1639 1943 1697 ut
1960 1625 2035 1698 mei
2052 1623 2096 1699 bi

282 1758 559 1835 conatus'viris
586 1758 747 1834 eruditis
772 1786 855 1843 nun
882 1758 1143 1865 displicerent.
1170 1758 1402 1864 Optaveram
1429 1742 1607 1861 quidem,
1633 1761 1802 1835 licuisset
1828 1757 1924 1835 mibi
1950 1786 2094 1851 omncs,

283 1923 381 2001 quos
404 1894 639 1981 Bibliotheca
664 1897 781 2001 Regia
808 1898 992 1986 continet,
1019 1896 1172 1975 codices
1198 1897 1451 1994 eademfcura
1478 1898 1711 1973 examinare.
1737 1902 1877 1973 Atrero
1902 1898 2096 1989 cnmhoc

282 2037 465 2141 temporis
478 2037 610 2141 spatio,
623 2037 737 2112 latius
749 2037 971 2141 patentibus
988 2062 1149 2140 quoque
1167 2054 1206 2111 et
1217 2038 1440 2113 utilioribus
1455 2035 1601 2125 studiis,
1620 2062 1682 2111 me
1696 2034 1890 2112 innutrire
1901 2036 2093 2129 deberem,

281 2177 325 2251 in
348 2178 463 2279 longe
487 2176 666 2281 plurimis
692 2178 750 2269 ἒς.
782 2183 824 2271 ι4
850 2192 888 2251 et
919 2204 959 2275 ¹7
987 2154 1154 2252 citandis
1184 2178 1246 2270 rel
1270 2179 1321 2254 ab
1351 2178 1435 2253 aliis
1467 2175 1546 2278 jam
1573 2177 1780 2279 diligenter
1804 2178 1961 2254 collatis.
1981 2180 2044 2255 rel
2069 2205 2092 2252 a

209 2374 214 2381 -
280 2318 544 2423 gregariorum
571 2332 679 2393 textu
703 2317 893 2391 rarissime
918 2316 1192 2392 recedentibus
1215 2298 1352 2414 selecta
1376 2334 1527 2393 tantum
1552 2317 1677 2420 capita
1703 2316 1852 2419 inspexi
1878 2317 2093 2418 etreliqua

281 2440 706 2561 cursim·perlustravi.=x
740 2432 846 2572 Haec
873 2456 953 2531 scre
977 2472 1087 2545 sunt,
1126 2480 1228 2557 quae
1254 2455 1303 2530 de
1326 2456 1463 2531 studiis
1489 2456 1531 2531 iu
1548 2456 1764 2557 'Evangelia
1790 2456 1986 2531 collocatis
2005 2482 2095 2555 mos

185 2650 193 2667 .
280 2596 412 2675 nenda
439 2598 600 2673 babeo.l
634 2599 698 2675 Dc·
720 2598 821 2673 curis
848 2598 939 2672 meis
966 2596 1006 2715 ἰιι
1033 2596 1191 2671 alterius
1216 2595 1259 2668 N.
1284 2599 1325 2671 Τ.
1349 2572 1468 2700 partis
1493 2595 1667 2684 codices,
1706 2597 1748 2669 in
1774 2596 2093 2673 versiones-anti·

279 2770 375 2849 quas
401 2760 439 2818 et
462 2708 614 2842 catenas
639 2740 697 2818 SS.
713 2742 876 2856 ¹Petrum
908 2740 985 2815 alio
1010 2740 1097 2815 loco
1121 2762 1248 2813 sermo
1266 2738 1351 2811 erit.
1377 2738 1580 2812 Fusiorem'
1593 2736 1770 2811 omnium
1788 2736 1969 2813 codicum
1986 2737 2032 2811 tt.
2048 2737 2089 2814 T.

281 2872 548 2963 Parisinorum
575 2884 894 2989 descriptionem,
928 2905 1143 2983 eorumque
1170 2879 1356 2954 lectiones
1383 2877 1425 2952 in
1450 2876 1623 2952 editione
1649 2876 1691 2950 N.
1709 2878 1758 2985 T.
1783 2876 1935 2963 critica,
1970 2898 2089 2977 quam

231 3114 244 3129 ,
278 3055 396 3134 paro,
423 3052 512 3103 cum
539 3025 633 3101 orbe
661 3023 832 3099 literaria
858 3022 1213 3098 communicaturus
1236 3044 1331 3095 sum.
2111 3004 2116 3012 ’

360 3166 496 3243 Hic
484 3194 560 3269 jam
588 3160 790 3254 lodusest,
817 3162 992 3268 publicas
1023 3158 1179 3264 agendi
1195 3160 1333 3264 gratias
1360 3158 1651 3235 humanissimas
1682 3160 1773 3234 viris
1804 3157 2089 3263 perillustribus

277 3293 426 3387 Baroni
452 3309 533 3383 Silo.
565 3308 611 3381 dc
638 3308 737 3408 Sacy
771 3324 809 3383 et
840 3310 987 3396 Buroni
1012 3304 1121 3380 Alex.
1149 3301 1198 3375 de
1221 3300 1439 3387 Humboldt,
1476 3326 1644 3425 quorum
1678 3299 1950 3374 intercessione
1982 3296 2089 3400 apud

187 3550 193 3565 ι
278 3454 473 3560 praesides
490 3418 728 3537 literarum'
719 3476 758 3523 m
781 3449 953 3523 Borussia
975 3442 1167 3551 stipendia
1187 3440 1283 3515 mibi
1308 3464 1354 3513 cx
1380 3438 1511 3513 fundis
1532 3437 1797 3513 Πιιῐιοιιίιιιίι
1813 3416 2088 3512 celeberrimae

277 3588 605 3669 wratislaviensis
631 3586 957 3674 concederentur,
996 3609 1178 3659 necnon
1208 3580 1389 3656 omnibus
1410 3578 1545 3655 amicis
1577 3596 1616 3653 ct
1646 3578 1863 3653 fautoribus
1888 3573 2087 3652 dilectissi-

278 3730 349 3823 mis
382 3755 454 3835 pro
490 3716 687 3804 beneficiis
725 3726 766 3800 in
803 3751 863 3799 me
896 3723 1056 3799 collatis.
1108 3720 1160 3796 Ut
1195 3706 1364 3819 dinem
1397 3722 1440 3795 in
1474 3720 1675 3831 literarum
1709 3719 2017 3793 emolumentum
2048 3729 2089 3790 et

278 3885 528 3973 augmentum
563 3866 772 3939 maximum
807 3887 958 3937 servare
991 3860 1085 3953 velit
1109 3862 1216 3937 Deus
1231 3862 1419 3967 ,Optimus
1450 3861 1662 3954 Maximus,
1697 3858 1902 3934 exanimo
1934 3880 2084 3961 precor.

183 4042 186 4049 ·
215 4020 223 4049 '
275 4008 399 4085 Missis
416 4006 475 4095 bis
494 4006 709 4105 iisdemque
727 4004 871 4106 maguis
889 4002 982 4077 baec
1002 4018 1200 4105 praeterea
1223 4003 1425 4102 attingam,
1453 4026 1555 4101 quac
1570 3997 1825 4102 praetermitti
1841 3995 1927 4072 sine
1940 3994 2083 4069 scelere

276 4174 356 4271 ιιοιι
384 4162 551 4252 possunt.
602 4144 894 4230 Conservatores
922 4132 1133 4217 doctissimi
1160 4127 1425 4217 Bibliothecae
1450 4140 1590 4244 Regiae
1613 4156 1705 4216 tum
1731 4136 1919 4213 Codicum
1943 4134 2084 4208 Manu·
2126 4195 2134 4205 .

274 4274 507 4389 scriptorum
526 4301 608 4359 tum
629 4282 818 4357 librorum
838 4280 986 4379 aditum
1012 4280 1061 4355 ud
1080 4252 1417 4384 opulentissimum
1443 4276 1545 4352 illud
1561 4277 1735 4354 necastis
1751 4294 1890 4391 notum
1908 4287 2083 4361 sauctua-
2141 4317 2146 4328 ι

274 4428 380 4527 rium
407 4454 607 4527 nunquam
634 4451 714 4499 non
742 4424 992 4513 facillimum,
1026 4447 1242 4524 eorumque
1269 4446 1426 4496 usuram
1449 4444 1596 4494 summa
1622 4444 1700 4519 qua
1734 4416 1818 4489 lieri
1843 4384 1967 4516 potest
1990 4411 2082 4486 saci·

165 4562 183 4611 ’·
272 4572 400 4659 litate,
428 4570 607 4644 comitata
633 4585 670 4642 et
698 4550 934 4669 benignitate
960 4574 1192 4641 concessere
1225 4561 1330 4636 His
1320 4561 1438 4664 igitur
1464 4550 1981 4655 virisclarissimisliangles,
2004 4576 2081 4627 ran
2203 4582 2217 4599 ·

193 4794 200 4803 ,
263 4696 433 4787 ‘Prodi
425 4727 463 4787 et
488 4708 576 4799 Gail
605 4734 676 4783 nec
710 4735 789 4784 non
823 4709 1008 4809 quisunt
1039 4732 1062 4783 a
1094 4700 1269 4820 custodia
1298 4698 1478 4776 codicum
1494 4724 1730 4817 graecorum
1761 4710 1799 4769 et
1831 4692 2081 4767 orientalium
2155 4762 2161 4772 ,

272 4850 313 4924 C.
334 4852 367 4922 Β.
384 4854 483 4925 Hase
510 4850 613 4925 etde
634 4846 768 4953 Chczy,
793 4844 1113 4972 quorumlaudes
1141 4862 1242 4970 totus
1268 4843 1372 4917 orbis
1395 4838 1617 4917 literatius
1606 4862 1691 4939 lure
1708 4838 1858 4911 eunctis
1874 4805 2080 4940 praedicat,

272 4985 407 5095 graticii
422 4986 581 5069 habeo
601 5018 751 5095 egoque
785 4982 986 5080 maximas,
1019 5013 1162 5091 eosque
1187 5003 1301 5088 rogo,
1333 4998 1380 5058 ut
1413 4982 1456 5057 in
1483 4996 1682 5085 posterum
1707 4974 1878 5054 eundem
1904 5002 1993 5082 erga
2017 5002 2079 5055 me
2150 5041 2153 5047 ,

270 5132 446 5209 animum
473 5134 719 5237 eundemque
745 5131 919 5209 savorem
943 5146 1106 5209 servent.
