4584 5609
1814 360 2040 533 ..ἡ

255 604 462 685 'Possemus
482 600 777 710 referre'plures
797 604 1064 682 u-enanietem
1085 637 1159 687 τον
1174 636 1471 712 κριπκωτατον,
1497 605 1639 726 scribas
1656 606 1836 683 codicum
1853 596 1977 713 regio-

152 741 263 855 rum
283 752 366 837 186,
399 753 476 823 188.
503 765 542 821 et
565 748 722 852 Neapnl.
745 752 825 823 223.
850 746 898 835 cl.
916 748 948 839 §.
967 774 1000 848 7.
1029 747 1252 849 multosque
1270 749 1365 837 alios
1381 748 1439 822 vel
1460 734 1638 825 librarios
1658 747 1719 824 rel
1739 748 1977 844 scholiastes,

163 915 333 991 quorum
363 887 500 963 modus
528 886 748 991 corrigendi
776 890 848 979 e§.
870 914 900 985 7.
930 887 1109 989 cognosci
1139 903 1276 990 potest.
1316 866 1384 959 *Et
1401 904 1455 961 est
1473 886 1514 961 in
1534 888 1581 965 iis
1602 886 1802 963 interdum
1819 860 1978 991 ,aliquid

93 1011 97 1021 Υ
162 1029 259 1104 boni
278 1028 432 1129 judicii,
458 1025 524 1101 sed
549 1028 781 1130 plerumque
805 1024 857 1099 ad
874 1038 1020 1101 textum
1039 1027 1157 1131 vulgo
1171 1044 1371 1129 receptum
1393 1027 1488 1131 lapsi
1507 1048 1601 1105 sunt
1617 1026 1889 1105 delinientibus
1914 1055 1977 1103 co-

164 1168 316 1267 dicibus
333 1167 505 1267 antiquis
532 1184 569 1245 et
599 1167 779 1243 omuibus
806 1165 887 1243 fere
917 1191 940 1243 e
965 1144 1252 1245 commentariis
1279 1166 1526 1271 superiorum
1546 1170 1789 1273 potissimum
1814 1160 1979 1275 Chryso·

162 1308 275 1387 stnmi
294 1306 570 1421 pendentibus.
600 1392 602 1399 ,

1013 1552 1133 1652 sn.
1220 1486 1226 1498 ’
1323 1480 1329 1487 ’

92 1788 97 1793 -
182 1780 188 1787 ·
261 1734 335 1811 Sed
350 1721 449 1811 hacc
469 1736 761 1839 qualiacunque
783 1734 909 1810 studia
930 1732 980 1811 etl
1004 1694 1129 1808 textbs
1155 1743 1392 1833 yrnctoenrn
1416 1696 1699 1805 restituendam
1726 1753 1866 1833 parum
1887 1754 1979 1833 pro·

163 1873 352 1969 fecerunt.
382 1890 390 1905 ·
413 1876 597 1950 Universa
618 1875 722 1964 enini
744 1875 835 1951 artis
856 1874 1012 1949 criticae
1033 1872 1113 1979 ipsa
1134 1871 1233 1947 ratio
1259 1871 1335 1945 illis
1352 1870 1591 1974 temporibus
1611 1869 1835 1946 fluctuabat
1893 1868 1979 1943 Dit-

162 2004 335 2089 serebant
357 2014 555 2117 pra‘ctcrea
574 2039 750 2089 censores
768 2030 851 2089 tum
868 1982 1008 2115 iudicii
1024 2011 1240 2086 subtilitate
1255 2036 1299 2083 ac
1313 2012 1510 2117 ακριβειᾳ,
1536 2026 1620 2106 tum
1636 2006 1980 2099 adminiculorum,
2063 2044 2065 2048 ¹

164 2154 309 2255 quibus
326 2154 552 2241 utebantur,
575 2150 811 2261 discrimine.
863 2155 959 2227 Cum
979 2150 1149 2255 plurime
1165 2152 1259 2225 vitia
1278 2140 1372 2225 inde
1392 2178 1414 2225 a
1436 2150 1570 2255 primis
1589 2148 1788 2253 religionis
1805 2149 1980 2226 christia·
2008 2245 2013 2254 ¹

163 2318 239 2369 nae
261 2292 500 2396 temporibus
524 2293 705 2367 omnibus
732 2290 907 2393 ejusdem
930 2292 1159 2395 provinciae
1186 2290 1385 2369 codicibus
1413 2291 1635 2390 communia
1664 2305 1785 2366 essent
1813 2294 1848 2385 S.
1864 2290 1907 2378 6,
1940 2304 1980 2365 et

164 2434 323 2511 collatio
342 2460 388 2509 ex
410 2433 455 2507 iis
473 2431 718 2509 solummodo
739 2432 823 2509 lieri
846 2433 1005 2520 soleret,
1037 2432 1257 2509 differentia
1279 2403 1415 2536 magna
1434 2430 1542 2521 inter
1557 2429 1709 2507 codices
1727 2404 1919 2507 correctos
1940 2444 1980 2507 et

163 2599 247 2649 non
270 2588 462 2649 correctos
488 2570 660 2675 ejusdem
685 2570 911 2675 provinciae
939 2572 1134 2648 observari
1166 2573 1246 2647 non
1276 2588 1410 2676 potest.
1472 2570 1637 2647 Textum
1665 2584 1795 2645 autem
1821 2569 1981 2647 differre
2059 2640 2063 2647 .

166 2734 240 2813 pro
265 2710 418 2785 ratione
440 2708 729 2815 provinciarum
746 2709 888 2789 mirum
908 2709 1108 2788 videbitur
1126 2709 1296 2798 nemini,
1323 2709 1392 2812 qui
1417 2734 1497 2784 non
1515 2709 1685 2811 ignoret,
1711 2677 1878 2785 idemin
1892 2734 1979 2813 per-

165 2819 523 2925 multiseuctorum
547 2850 663 2925 etiam
686 2850 941 2953 profanorum
962 2851 1072 2927 libris
1095 2851 1227 2925 locum
1243 2846 1398 2925 babere.
1455 2848 1584 2949 Atque
1608 2842 1720 2921 in‘N.
1747 2846 1788 2920 Τ.
1809 2848 1980 2931 rationes

160 2986 272 3075 ,haud
300 2987 427 3089 exigui
447 2986 632 3083 momenti
656 3004 839 3063 externae
854 3006 966 3077 sunt,
990 3014 1090 3091 quae
1111 2988 1204 3064 huic
1222 2989 1278 3063 rei
1301 2987 1466 3063 favent.-
1500 2988 1654 3063 Morem
1678 2985 1835 3089 legendi
1856 2989 1982 3065 Evan-

164 3130 263 3232 gelia
293 3114 331 3205 et
359 3130 545 3232 Epistolas
577 3130 619 3204 in
652 3132 808 3205 ecclesia
840 3131 1152 3233 antiquissimum
1178 3156 1274 3216 esse,
1312 3154 1427 3205 nemo
1454 3127 1634 3203 dubitare
1668 3144 1811 3230 potest,
1842 3128 1980 3229 quiin

154 3242 390 3347 ¹eroli-endis
407 3288 580 3347 veterum
603 3273 757 3347 Petrum
784 3272 1045 3347 monumentis
1064 3286 1233 3346 versatus
1253 3270 1326 3351 sit„
1368 3268 1546 3343 Dahatur
1567 3250 1687 3374 igitur
1709 3269 1759 3343 ab
1784 3270 1982 3375 Episcopis
2077 3314 2094 3322 -

166 3380 367 3514 negotium
388 3408 478 3484 viris
498 3408 638 3498 doctis,
664 3410 732 3512 qui
759 3409 798 3485 iu
816 3382 1104 3514 *esemplaribus
1125 3408 1391 3495 describendis
1407 3410 1571 3485 formam
1589 3397 1786 3494 externam
1804 3427 1843 3485 et
1862 3412 1981 3488 inter-

62 3568 65 3577 ’
166 3577 256 3625 nam
277 3551 319 3649 in
337 3550 513 3625 Dioccesi
538 3550 716 3663 usitatam
743 3550 801 3625 vel
829 3544 1023 3654 receptam
1043 3544 1284 3628 exhiberent.
1303 3535 1308 3555 ’
1336 3548 1477 3646 ‚Quum
1497 3550 1670 3655 primum
1688 3550 1886 3666 religionis
1908 3568 1982 3669 sta-

167 3707 228 3765 tus
253 3678 565 3769 confirmatus'et
589 3689 898 3765 Patriarcharum
921 3706 1086 3793 potestas
1110 3690 1285 3766 conciliis
1311 3691 1598 3792 circumscripta
1623 3706 1739 3781 esset,
1773 3688 1911 3766 cadem
1935 3690 1982 3767 li·
2054 3678 2063 3695 “

166 3830 330 3906 brorum
357 3830 605 3927 conformitas
638 3830 679 3904 in
707 3830 838 3933 plures
865 3830 1054 3939 dioeceses
1086 3830 1387 3935 propagabatur.
1447 3828 1653 3937 versiones
1675 3805 1804 3903 autem
1834 3846 1982 3905 textum

51 4032 54 4041 .
166 3950 681 4073 provinciaeseqttebantur,
706 3966 1071 4073 cujustpatriarcbae
1092 3971 1138 4058 ii,
1161 3970 1230 4073 qui
1252 3970 1296 4044 iia
1313 3968 1542 4059 uttbantur,
1567 3967 1744 4061 submissi
1764 3966 1894 4057 erant‘,
1918 3968 1981 4045 vel

166 4107 278 4209 cujus
300 4079 493 4211 liturgiam
512 4108 779 4214 obseruabant,
806 4112 867 4186 vel
888 4112 1026 4213 ex'qua
1043 4100 1240 4211 Evangelii
1262 4107 1856 4221 praedicatoresproveniebant.
1888 4107 1981 4183 Uni·

166 4272 313 4325 versam
337 4246 457 4349 igitur
477 4243 559 4346 ejus
575 4248 923 4325 conformationem
945 4275 1084 4353 parum
1103 4249 1292 4368 diversam
1312 4248 1429 4324 fuisse
1446 4266 1544 4354 puto
1572 4250 1612 4323 in
1630 4248 1797 4323 ecclesiis
1816 4248 1982 4355 Argy‘pli

149 4390 335 4494 ‚primam
362 4388 522 4493 Aegypti
550 4388 760 4477 secundae,
789 4389 995 4479 Arcadiae,
1032 4388 1243 4466 Thebaidis
1273 4390 1486 4481 inferioris,
1517 4388 1729 4466 Thebaidis
1759 4389 1979 4492 superioris,

86 4557 89 4568 ’
168 4508 542 4633 Lybiae-inferioris,
568 4526 713 4631 Lybiae
727 4526 961 4632 superioris,
985 4528 1233 4633 Aethiopiae,
1260 4530 1500 4619 Abessiniae,
1526 4496 1877 4632 apudllomeritas,
1902 4526 2003 4602 [lu-2

166 4666 251 4743 bins
268 4684 307 4741 et
325 4666 531 4745 Saracenos
552 4654 751 4770 quosdam.
801 4670 883 4745 Nec
900 4670 1027 4747 minus
1052 4671 1255 4773 probabile
1276 4642 1349 4761 est,
1375 4668 1458 4775 ejus
1472 4670 1650 4746 habitum
1675 4670 1715 4746 in
1733 4669 1900 4749 ecclesiis
1915 4668 1983 4773 Sy·

150 4809 250 4915 ,riae
273 4808 439 4910 primae,
477 4810 610 4912 Syriae
639 4796 858 4897 secundae,
901 4808 1167 4899 Theodoriee,
1201 4810 1359 4895 Ciliciae
1382 4778 1556 4914 primae,
1591 4810 1749 4887 Ciliciae
1780 4807 1983 4898 secundae,

169 4946 338 5023 Isauriae
368 4945 668 5053 Euphratensis,
700 4946 941 5041 Osrbodnsis,
976 4950 1295 5055 Mesopotamiae,
1330 4950 1542 5029 Phoenices
1571 4952 1738 5068 primae,
1773 4947 1984 5026 Phoenices

54 5116 57 5127 ·
162 5086 387 5163 'Libauisiae
414 5104 452 5163 et
480 5089 645 5167 Arabiae
668 5088 998 5199 eundem'fuisse.
1062 5090 1181 5177 Hunc
1205 5108 1335 5171 autem
1364 5087 1414 5167 ab
1437 5115 1483 5169 eo
1508 5090 1767 5179 Palaestinae,
1798 5086 1983 5181 Judaeac,

1386 5238 1463 5339 ,4
